2458 3912
181 144 223 209 26
529 140 804 196 rumosorumn

182 317 281 378 oium?
315 315 418 396 Neque
442 317 522 376 enim
544 312 625 394 quod
648 319 716 374 ente
739 313 843 374 oeulos
865 314 954 376 situm
978 322 1037 383 est,
1062 313 1164 376 suffe-

182 404 260 464 cerit
282 403 410 462 intueri:
433 417 536 461 rerum
560 401 657 460 exitus
672 397 832 476 prudentia
848 399 972 460 metitur
987 398 1163 480 eademque

143 503 169 544 cs
182 489 214 549 in
238 487 381 548 alterutro
395 485 581 547 mutabilitas
596 502 651 546 neo
667 480 869 546 formidandas
890 484 1029 545 fortunae
1051 487 1162 546 minas

181 589 237 632 nec
260 571 442 651 exoptandas
462 571 534 634 lacit
563 587 629 630 esse
660 567 831 633 blanditias.
875 567 1031 630 Postremo
1054 588 1162 650 aequo

181 659 281 718 animo
309 656 421 718 toleres
448 663 567 736 oportet
598 653 743 735 quidquid
775 655 855 715 intra
884 652 1019 716 fortunae
1045 673 1161 716 aream

180 744 312 820 geritur,
336 758 404 803 cnm
426 740 518 802 semel
540 743 610 819 ingo
634 741 700 801 eius
727 738 803 800 colla
826 738 1019 802 summiseris.
1065 737 1161 811 Quod

182 828 207 887 si
229 826 370 888 manendi
393 825 582 906 abeundique
610 823 745 886 scrihere
772 824 869 902 legem
898 823 975 886 uelis
1003 827 1031 885 ei
1058 842 1161 906 quam

143 919 213 972 mtu
235 911 291 972 tibi
313 912 465 988 dominam
494 919 599 990 sponte
621 909 737 988 legisti,
767 925 867 970 nonne
895 911 1025 972 iniurius
1051 910 1161 972 fueris

181 1003 212 1058 et
233 998 411 1076 inpatientia
439 1005 550 1057 sortem
579 991 741 1057 exacerbes
767 1012 858 1074 quam
884 1001 1056 1074 permutare
1089 1013 1160 1058 non

180 1082 295 1160 possis?
338 1081 371 1142 Si
393 1083 492 1142 uentis
514 1080 582 1144 uela
604 1082 825 1150 committeres,
848 1098 909 1140 non
930 1098 990 1160 quo
1011 1078 1161 1142 uoluntas

180 1173 312 1243 peteret,
336 1166 388 1228 sed
410 1185 470 1247 quo
492 1165 580 1226 flatus
595 1164 798 1243 impellerent,
821 1181 1031 1242 promoueres:
1053 1167 1081 1228 si
1105 1185 1161 1228 ar-

181 1252 230 1310 uis
252 1254 366 1314 semina
389 1251 544 1322 crederes,
568 1249 683 1312 feraces
704 1253 785 1312 inter
807 1269 839 1312 se
855 1268 950 1318 annos
972 1251 1159 1334 sterilesque

144 1351 333 1415 sspeusares.
363 1336 512 1400 Fortunae
534 1343 564 1396 te
587 1334 754 1414 regendum
775 1335 901 1407 dedisti,
925 1336 1062 1398 dominae
1087 1355 1159 1399 mo·

181 1421 267 1482 ribus
294 1429 413 1502 oportet
446 1422 647 1501 obtemperes.
696 1420 743 1482 Tu
775 1438 850 1482 nero
884 1421 1034 1484 uoluentis
1065 1431 1158 1485 rotae

181 1507 327 1587 impetum
349 1509 481 1568 retinere
504 1507 643 1568 conaris?
678 1509 716 1568 At
738 1507 872 1569 omnium
894 1507 1066 1570 mortalium
1091 1516 1158 1570 sto·

180 1590 341 1661 lidissime,
366 1593 392 1652 si
415 1609 536 1653 manere
559 1593 682 1672 incipit,
706 1591 769 1653 fors
791 1609 857 1653 esse
880 1590 1010 1655 desistit.

202 1709 216 1768 l
243 1709 324 1770 Haec
347 1728 416 1771 cnm
438 1709 568 1790 superba
590 1711 720 1772 uerterit
741 1712 825 1772 uices
847 1710 967 1786 dextra,

244 1794 456 1857 anestuamis
477 1802 562 1856 more
584 1795 681 1857 fertur
703 1794 821 1874 Euripi.

243 1878 362 1941 Dudum
384 1880 557 1942 tremendos
579 1898 669 1943 saeua
690 1883 820 1958 proterit
841 1897 929 1960 reges

243 1963 452 2046 Humilemque
476 1966 550 2028 uicti
572 1965 709 2027 subleuat
731 1962 820 2027 fallax
842 1965 969 2027 uultum.

243 2047 310 2110 Non
332 2049 382 2111 illa
403 2053 531 2112 miseros
553 2051 636 2113 audit
658 2059 708 2112 ant
730 2057 816 2112 curat
838 2051 926 2112 fletus

242 2134 385 2215 Vltroque
407 2138 553 2214 gemitus,
577 2136 651 2198 dura
674 2153 748 2215 quos
770 2136 857 2205 fecit,
881 2133 972 2196 ridet.

243 2219 294 2281 Sic
315 2220 365 2282 illa
387 2221 479 2291 ludit,
504 2223 548 2284 sie
571 2239 639 2283 suas
660 2220 769 2300 probat
791 2223 875 2282 uires

242 2304 441 2385 Magnumque
464 2303 482 2342 *
505 2309 568 2369 suis
589 2313 736 2367 monstrat
757 2313 923 2376 ostentum,
947 2309 973 2366 si
996 2308 1065 2386 quis

242 2388 362 2458 Visatur
384 2400 443 2451 nna
467 2397 578 2452 stratus
600 2410 634 2452 ac
655 2391 728 2452 felix
749 2389 833 2452 hora.

243 2540 270 2601 ll
313 2539 425 2604 Vellem
447 2550 545 2604 autem
560 2561 657 2622 panea
678 2549 779 2604 tecum
800 2544 940 2605 fortunae
962 2545 1058 2623 ipsius
1079 2561 1152 2606 uer-

179 2624 227 2686 bis
254 2629 378 2704 agitare.
424 2625 470 2687 Tu
497 2629 589 2705 igitur
617 2647 654 2690 an
683 2630 731 2688 ius
757 2628 902 2707 postulet,
931 2628 1149 2691 animaduerte.

245 2815 279 2864 43
298 2811 429 2864 sufficerit
447 2829 469 2863 ω
486 2813 624 2865 suffecerit
641 2813 669 2862 N
717 2814 749 2864 47
769 2813 882 2866 tolleret
901 2814 924 2865 Τ
934 2811 941 2877 l
956 2813 1092 2880 quidquid
1113 2813 1148 2865 1¹¹

180 2880 271 2946 quicq.
285 2880 340 2930 ΕΚ
406 2882 440 2932 48
458 2880 585 2932 fume
651 2882 685 2932 49
704 2883 723 2933 fi
742 2897 788 2936 om,
806 2881 832 2932 Ε
900 2883 933 2932 50
950 2881 1075 2948 legistin
1094 2883 1150 2934 ele-

65 2947 66 2950 ’
179 2943 279 3010 girtiA
332 2947 1152 3015 51etininp.1flinp.rlflexacerbetPKexacerbas

178 3013 204 3064 E
222 3014 407 3069 exacerbabis
421 3018 446 3067 A
516 3019 549 3069 53
566 3020 623 3083 inp.
641 3017 669 3068 K
737 3017 770 3069 58
788 3017 887 3070 disistit
907 3015 943 3066 Τί

248 3113 279 3166 C.
299 3113 324 3180 1]
361 3117 546 3173 2Etaest.m
569 3118 663 3170 Exest.
681 3117 823 3185 13?ssde
851 3119 940 3186 euripi
958 3135 993 3171 en
1012 3121 1152 3188 eurapiff

246 3185 262 3233 6
280 3183 416 3249 Uitroque
434 3185 463 3235 K
468 3183 477 3217 ¹
564 3189 579 3237 'f
597 3185 691 3237 ludum
708 3185 726 3253 β
811 3188 827 3238 8
849 3186 1035 3254 Magnumque
1054 3188 1109 3240 tuis
1130 3205 1151 3240 ω

180 3249 282 3317 Suique
304 3266 434 3318 magnum
456 3256 489 3307 ei.
512 3255 628 3306 Volliner
655 3253 772 3320 suisque
793 3270 923 3322 magnum
943 3254 1067 3307 Obborine
1099 3255 1151 3306 Di·

179 3333 317 3385 gnumque
339 3319 392 3372 rifu
412 3319 556 3372 OBortbius
586 3323 773 3388 Magnumque
797 3322 894 3375 saeclis
913 3323 1059 3385 Artemius,
1082 3325 1149 3388 fort.
1223 3389 1224 3392 Ἴ

178 3387 236 3436 uifu
257 3405 307 3450 pro
330 3389 384 3440 fuis
406 3391 455 3454 lep.
541 3389 621 3440 uerba
646 3391 666 3442 fi
691 3391 751 3456 quis
774 3407 798 3442 n.
823 3393 839 3440 9
859 3393 983 3456 praefixo
1008 3389 1063 3456 Τῑβ

179 3487 195 3536 e
212 3467 320 3539 visatbr
337 3489 363 3540 n
378 3489 381 3556 t
398 3506 446 3542 ora
464 3491 494 3540 x
