2388 3910
396 127 687 203 consocerroms
710 151 738 204 rr
988 152 1030 219 33

1 338 2 402 j
62 322 158 384 futuri
186 337 269 402 spem
298 321 443 401 temporis
474 320 579 382 abesse
607 324 769 403 patiantur.
820 323 856 386 Et
885 324 1029 389 haereant

1 442 2 454 ,
63 408 183 488 inquam
214 423 334 484 precor.
386 404 446 467 illis
473 424 601 487 namque
629 408 835 480 manentibus,
865 417 1027 493 utcumque

1 512 2 516 ¹
63 510 93 554 se
115 509 166 552 res
186 490 332 559 babeant,
356 489 552 553 enatabimus.
597 492 656 553 Sed
679 501 822 572 quantum
845 499 1029 558 ornamentis

63 579 173 639 nostris
194 577 374 645 decesserit,
397 576 493 646 uides.
525 575 562 638 Et
584 577 648 640 illa:
672 577 897 652 Promouimns,
920 582 1027 662 inquit,

65 661 263 743 aliquantum,
287 663 313 723 si
335 669 365 722 te
387 661 519 723 nondum
543 665 636 724 totius
656 671 725 724 tuae
741 665 832 726 sortis
847 667 937 745 piget.
976 666 1027 728 sed
1042 679 1068 722 55

1 767 2 791 1
64 746 185 810 delicias
206 755 273 809 tuas
297 747 376 808 ferre
400 764 460 808 non
482 765 603 828 possum
625 749 677 829 qui
699 749 804 812 abesse
824 749 937 831 aliquid
960 760 1028 814 tuae

64 831 241 895 beatitudini
276 838 335 894 tam
368 832 522 894 luctuosus
545 840 644 912 ,atque
682 837 788 896 anxius
822 839 1028 918 conqueraris.

1 949 2 968 1
65 915 136 988 Quis
158 925 203 979 est
226 917 307 978 enim
329 925 389 988 tam
413 919 583 998 conpositae
602 917 768 990 felicitatis,
793 928 907 982 utnon
929 920 1029 998 aliqua

63 1020 99 1064 ex
121 1010 205 1082 parte
228 1019 298 1063 cum
320 1009 415 1064 status
437 1005 484 1063 sui
508 1003 649 1082 qualitate
665 1005 799 1067 rixetur?
830 1008 926 1068 Anxia
947 1009 1028 1068 enirn

62 1105 113 1148 res
133 1095 179 1148 est
198 1087 399 1148 bumanorum
414 1086 552 1149 condicio
566 1087 714 1151 bonorum
730 1098 759 1151 et
779 1109 855 1172 quae
872 1091 921 1152 nel
943 1108 1029 1152 num·
1042 1108 1068 1149 eo

63 1190 150 1254 quam
172 1180 236 1234 tota
258 1173 417 1252 proueniat
441 1172 489 1234 uel
512 1190 674 1254 numquam
705 1183 850 1256 perpetua
873 1176 1027 1239 subsistat.

1 1288 2 1336 g
62 1257 138 1318 lluic
160 1274 269 1320 census
292 1257 453 1328 exuberat,
477 1258 530 1319 sed
553 1267 599 1321 est
613 1259 722 1338 pudori
743 1259 874 1340 degener
897 1265 1028 1340 sanguis.

1 1339 2 1390 ἶ
62 1343 142 1404 hunc
163 1342 305 1406 nobilitas
328 1351 430 1404 notum
455 1345 543 1413 fecit,
567 1345 619 1404 sed
642 1347 780 1423 angustia
807 1347 854 1410 rei
877 1345 1029 1408 familiaris

63 1427 195 1490 inclusus
217 1446 283 1490 esse
307 1426 408 1489 mallet
429 1430 561 1507 ignotus.
605 1428 657 1491 llle
680 1436 808 1510 utroque
834 1431 1030 1492 circumfluus

1 1506 2 1553 ἕ
62 1514 155 1574 uitam
176 1512 322 1573 caelibem
346 1511 443 1577 deflet.
486 1513 536 1574 ille
565 1516 678 1595 nuptiis
707 1515 778 1576 felix
805 1514 898 1576 orbus
925 1515 1029 1578 liberis
1042 1530 1068 1572 rs

1 1653 2 1662 ,
63 1597 158 1661 alieno
181 1615 304 1659 censum
327 1599 425 1660 nutrit
449 1597 566 1660 heredi.
611 1598 695 1661 Alius
717 1599 800 1680 prole
827 1601 954 1662 laetatus
975 1601 1029 1663 filii

1 1741 2 1762 q
61 1682 178 1744 filiaeue
205 1683 323 1744 delictis
351 1690 482 1745 maestus
510 1683 689 1746 inlacrimat.
736 1684 852 1747 idcireo
874 1703 963 1748 nemo
986 1687 1029 1747 fa·

1 1770 3 1848 l
62 1767 116 1829 cile
144 1785 213 1829 cunr
242 1769 380 1830 fortunae
415 1786 486 1830 suae
521 1768 698 1830 condicione
731 1770 902 1832 concordat.
951 1773 1031 1834 inest

1 1877 3 1919 r
66 1855 144 1914 enim
167 1853 308 1933 singulis,
337 1853 416 1934 quod
443 1856 619 1933 inexpertus
646 1857 779 1933 ignoret,
809 1864 951 1936 expertus
979 1875 1029 1918 ex·

1 1932 2 2013 f
62 1938 193 2000 horreat.
237 1938 320 2005 adde
343 1938 423 2020 quod
447 1939 612 2001 felicissimi
635 1941 779 2021 cuiusque
802 1940 1029 2003 delicatissimus
1042 1955 1068 1998 so

1 2022 3 2095 Ψ
64 2041 167 2085 sensus
189 2033 235 2086 est
257 2032 287 2086 et
314 2025 373 2085 nisi
396 2024 432 2085 ad
461 2033 566 2085 nutum
594 2033 702 2086 cuncta
729 2034 903 2106 suppetant,
933 2029 1031 2088 omnis

64 2109 254 2170 aduersitatis
289 2109 419 2172 insolens
451 2108 583 2171 minimis
615 2109 785 2190 quibusque
818 2113 1029 2188 prosternitur.

1 2253 3 2270 ‚
64 2193 137 2256 adeo
162 2197 327 2273 perexigua
355 2202 426 2256 sunt
453 2212 529 2276 quae
560 2195 806 2256 fortunatissimis
834 2193 1030 2279 beatitudinis

1 2278 5 2350 ἶ
66 2296 212 2341 summam
240 2279 411 2340 detrabunt.
455 2277 550 2349 Quam
578 2278 689 2341 multos
716 2297 781 2340 esse
804 2282 957 2342 coniectas
979 2281 1031 2360 qui

1 2370 5 2439 q
64 2382 128 2426 sese
151 2364 234 2427 caelo
260 2366 414 2443 proximos
442 2363 645 2440 arbitrentur,
675 2367 700 2426 si
729 2365 765 2426 de
794 2365 932 2427 fortunae
962 2372 1029 2428 tuae
1043 2378 1069 2421 55

1 2449 2 2485 ³
64 2449 201 2529 reliquiis
230 2467 300 2529 pars
327 2450 374 2511 eis
401 2451 525 2511 minima
552 2451 723 2528 contingat?
773 2448 828 2511 llic
856 2453 921 2530 ipse
948 2450 1032 2513 locus

1 2537 2 2544 ’
65 2552 153 2614 quem
174 2540 208 2595 tu
230 2535 350 2596 exilium
372 2553 480 2603 uocas,
510 2534 709 2596 incolentibus
731 2537 829 2614 patria
856 2544 911 2597 est.
957 2536 1031 2599 adeo

1 2617 2 2660 ³
65 2619 140 2680 nibil
161 2627 207 2682 est
228 2621 372 2682 miserum
395 2620 451 2680 nisi
475 2636 542 2680 cum
564 2626 653 2698 putes
673 2628 836 2700 contraque
856 2619 945 2683 beata
965 2638 1032 2682 sors

1 2709 3 2773 ξ
69 2707 165 2766 omnis
186 2712 232 2766 est
254 2705 487 2786 aequanimitate
514 2703 680 2767 tolerantis.
724 2704 798 2774 Quis
826 2712 871 2765 est
892 2704 942 2766 ille
970 2714 1031 2766 tarn

1 2993 4 3050 Γ
66 3009 239 3076 aliquantum
251 3026 273 3060 ω
292 3008 495 3074 aliquantulum
506 3011 661 3076 nescioquis
676 3006 681 3075 l
695 3008 802 3075 totiufll

1 3082 3 3140 ᾗ
65 3077 144 3130 tuter
163 3076 198 3128 Τ1
259 3079 621 3143 manummerias
681 3080 713 3130 38
732 3093 811 3145 conp.

131 2944 163 2993 31
180 2942 297 2994 hereant
317 2938 353 2992 Τ1
426 2944 458 2994 32
476 2949 615 3007 uteunque
633 2941 659 2992 Ε
733 2943 766 2993 34
783 2940 880 3008 inquid
898 2942 925 2994 K
999 2945 1032 2996 35

798 3006 895 3128 lull
917 3010 1032 3134 5331

1 3153 3 3208 ;
97 3146 184 3198 eioT
266 3148 299 3197 41
317 3143 443 3213 pplletue
460 3146 489 3195 K
577 3149 610 3198 42
626 3147 660 3198 43
678 3146 812 3199 exuberat
831 3146 879 3198 sed
896 3147 1032 3214 anguilla,

1 3229 3 3287 l

105 3213 156 3264 rba
172 3213 221 3266 sed
239 3213 278 3265 eft
295 3230 374 3282 usque
390 3215 427 3265 ad
443 3213 512 3265 fecit
529 3231 576 3334 nep.
595 3215 641 3280 at.)
660 3214 685 3265 Ε
740 3217 773 3267 43
792 3213 953 3280 familiaris(
968 3215 991 3279 (f
1006 3217 1033 3265 in

2 3310 5 3346 s
105 3280 175 3347 r.)T
239 3283 273 3334 45
290 3281 384 3350 nupiif
399 3280 429 3331 K
498 3285 532 3336 43
561 3280 649 3335 &atus
670 3282 695 3333 Τ
764 3285 797 3335 tt
814 3300 863 3350 pro
881 3282 992 3335 delictis
1005 3283 1035 3334 K

2 3377 3 3408 t
101 3349 175 3403 eatis
191 3349 297 3415 Tlinl.
316 3369 337 3404 ω
388 3352 422 3402 43
440 3351 549 3416 ignoret
567 3356 595 3403 et
613 3351 831 3418 expertufEKA
854 3357 882 3402 et
894 3367 940 3404 om.
956 3351 1035 3403 Tatii

2 3415 5 3478 'r

134 3419 166 3472 st
183 3414 271 3486 Adeo]
291 3419 354 3472 Meo
373 3419 436 3481 nis.
456 3419 486 3468 K
553 3421 585 3472 58
608 3421 661 3472 nili
677 3426 709 3471 tu
727 3435 788 3472 cum
806 3422 888 3486 putei
903 3419 929 3470 E
955 3419 1037 3487 putes

2 3480 5 3540 f
108 3501 162 3537 rae.
180 3485 210 3536 K
277 3489 309 3540 59
328 3503 425 3554 equen.
446 3487 481 3537 T¹

116 3574 185 3618 Bostii
199 3588 259 3620 cons.
274 3579 306 3619 ed.
321 3578 405 3632 Peiper.
548 3585 550 3588 '
864 3578 880 3626 3
