2388 3910
46 154 54 165 '
165 173 206 238 36
513 169 789 226 rfflnoeorurau
899 165 912 178 ⁹

135 411 138 414 ,
170 345 232 422 Age
258 347 338 405 enim
362 346 388 404 si
412 345 471 404 iarn
499 342 612 404 caduca
635 351 665 401 et
686 342 883 403 momentaria
907 343 1042 402 fortunae
1061 341 1134 402 dona

170 447 231 491 non
256 435 373 498 essent,
397 427 469 508 quid
492 429 524 488 in
547 428 592 488 eis
607 434 667 496 est,
690 425 770 507 quod
785 433 835 488 aut
852 435 987 489 uestrum
1003 443 1134 506 umquam

145 515 240 576 sileri
269 522 359 596 queat
391 519 442 576 aut
470 530 530 573 non
562 519 753 592 perspectum
785 511 1061 592 consideratumque
1086 514 1132 572 ui·

173 600 286 662 lesoat‘l
329 598 502 661 Diuitiaene
524 597 572 658 uel
595 609 695 659 uestra
719 595 767 658 uel
796 599 843 658 sui
865 605 972 660 natura
994 598 1134 677 pretiosae

167 680 264 745 suntl'
287 685 360 765 quid
383 702 487 746 earum
509 685 611 764 potius
633 699 778 744 aurumne
801 701 835 743 ao
858 684 906 745 uis
927 691 1065 762 congesta
1083 699 1133 762 pe·

168 769 293 830 cuniae?
344 771 426 850 atqui
454 769 528 830 haee
558 767 738 829 effundendo
772 769 867 846 magis
899 787 988 849 quam
1022 785 1135 838 coacer-

170 854 269 917 uando
292 852 399 916 melius
421 855 534 915 nitent:
565 854 590 914 si
614 854 735 932 quidem
760 854 887 914 auaritia
911 871 1029 934 semper
1056 852 1134 913 odio·

131 954 158 996 ιο
173 958 222 1000 sos
244 940 341 1000 cleros
362 940 486 1017 largitas
508 939 588 1000 lacit.
633 936 718 1008 Quod
741 939 766 999 si
788 955 911 1000 manere
938 938 1016 1020 apud
1038 955 1136 1018 quem

170 1043 229 1104 que
252 1042 312 1085 non
335 1030 433 1104 potest
461 1024 540 1102 quod
569 1024 751 1084 transfertur
778 1025 811 1084 iu
834 1022 977 1092 alterum,
1005 1031 1071 1084 tunc
1092 1031 1137 1081 est

169 1109 302 1189 pretiosa
324 1111 470 1189 pecunia,
499 1127 567 1170 curn
590 1109 733 1170 translata
755 1111 787 1170 in
809 1108 885 1170 alios
906 1107 1054 1188 largiendi
1081 1124 1136 1167 usu

170 1192 279 1254 desinit
301 1194 462 1274 possideri.
507 1196 544 1256 At
572 1193 677 1254 eadem
699 1195 725 1255 si
748 1193 827 1274 apud
849 1212 942 1256 unum
965 1199 1071 1274 quanta
1095 1198 1138 1252 est

169 1277 284 1359 ubique
306 1282 441 1358 gentium
466 1285 664 1358 congeratur,
688 1285 804 1340 ceteros
826 1282 873 1340 sui
895 1281 1002 1360 inopes
1019 1278 1135 1338 lecerit:

133 1375 158 1416 15
172 1371 202 1424 et
224 1382 282 1424 uox
305 1363 427 1445 quidem
452 1369 514 1426 tota
542 1366 656 1444 pariter
683 1364 846 1426 multorum
872 1365 970 1445 replet
998 1363 1136 1432 auditum,

171 1455 291 1510 uestrae
314 1467 389 1510 uero
412 1449 537 1510 diuitiae
560 1449 619 1510 nisi
642 1451 842 1511 comminutae
865 1452 897 1510 in
920 1450 1022 1530 plures
1043 1457 1135 1510 trans·

171 1535 218 1593 ire
241 1550 300 1594 non
322 1542 456 1613 possunt.
501 1533 582 1614 quod
605 1551 673 1595 eum
695 1534 808 1601 facturn
832 1544 894 1605 est,
917 1552 1065 1614 pauperes
1088 1551 1136 1592 ne·
1185 1612 1186 1615 Ἴ

172 1635 254 1678 cesse
282 1625 327 1678 est
355 1618 466 1680 iaciant
494 1636 569 1698 quos
597 1618 783 1699 relinquunt.
829 1619 853 1681 0
880 1622 974 1699 igitur
1002 1627 1136 1698 angustas

170 1705 335 1783 inopesque
354 1701 479 1764 diuitias
500 1722 575 1783 quas
598 1720 654 1765 nec
676 1703 789 1766 hahere
811 1712 889 1767 totas
910 1704 1050 1784 pluribus
1070 1704 1136 1765 licet

131 1797 157 1836 20
170 1795 200 1848 et
223 1786 258 1847 ad
283 1786 448 1864 quemlibet
470 1790 534 1849 sine
551 1797 722 1850 ceterorum
738 1797 913 1871 paupertate
929 1807 989 1852 uon
1005 1790 1135 1851 ueniunt.

170 1873 215 1932 An
237 1889 424 1950 gemmarum
452 1872 550 1951 fulgor
577 1874 680 1935 oculos
708 1875 822 1936 trahit?
867 1874 926 1936 Sed
955 1878 981 1936 si
1003 1875 1074 1956 quid
1097 1879 1137 1934 est

171 1959 203 2017 in
226 1956 284 2018 hoe
308 1957 466 2037 splendore
489 1961 660 2040 praecipui,
685 1976 870 2037 gemmarum
885 1969 931 2022 est
952 1960 1002 2021 lux
1017 1958 1067 2020 illa
1082 1975 1138 2020 nou
1185 2018 1186 2021 ,

168 2040 341 2104 hominum:
380 2061 454 2123 quas
488 2044 610 2120 quidem
643 2045 746 2106 mirari
778 2045 916 2106 homines
947 2045 1137 2106 uehementer

172 2129 325 2188 ammiror.
376 2128 449 2208 quid
477 2136 522 2190 est
557 2131 637 2191 enim
665 2147 772 2190 carens
800 2133 916 2192 animae
943 2137 1026 2192 motu
1055 2138 1137 2210 atque

131 2221 157 2262 2⁵
171 2230 313 2293 compage
336 2212 416 2293 quod
432 2214 577 2275 animatae
593 2212 831 2295 rationabilique
840 2223 966 2277 naturae
982 2214 1137 2296 pulchrum
1185 2238 1186 2241 ¹

169 2314 235 2356 esse
258 2299 324 2357 iure
347 2297 504 2359 uideatur?
536 2317 612 2378 quae
635 2302 755 2360 tametsi
776 2299 941 2362 conditoris
964 2318 1055 2381 opera
1080 2299 1136 2360 sui·

166 2396 223 2458 que
246 2379 439 2444 distinctione
454 2389 606 2462 postremo
627 2383 738 2465 aliquid
754 2384 988 2464 pulchritudinis
1003 2383 1131 2454 trahunt,

165 2464 245 2524 infra
273 2471 406 2526 uestram
435 2473 535 2527 tamen
563 2469 770 2530 excellentiam
799 2468 969 2532 conlocatae
998 2471 1134 2531 ammira·

168 2549 281 2610 tionem
303 2560 436 2612 uestram
457 2550 539 2611 nullo
561 2552 649 2612 modo
671 2553 875 2616 merebantur.
905 2556 949 2615 An
971 2572 1027 2616 uos
1050 2571 1132 2634 agro·

235 2837 318 2902 oper
336 2837 442 2888 fectum
460 2838 485 2887 E
508 2836 564 2903 (lpe
582 2855 617 2890 ss.
635 2838 680 2901 al.)
750 2839 891 2892 duestrae
912 2839 948 2891 Τ1
976 2840 1070 2893 uestra
1086 2838 1138 2899 ΕΚ

234 2904 301 2954 'leo
323 2903 368 2954 bri
390 2906 447 2955 TM
477 2921 511 2956 ae
534 2905 579 2956 hil
596 2905 662 2958 ΕΟ1
689 2905 719 2970 (h
740 2910 767 2957 in
789 2924 808 2958 u
829 2925 899 2960 corr.
923 2909 969 2976 al.)
1000 2925 1037 2961 an
1058 2905 1137 2960 hilB

166 2972 215 3020 ant
232 2969 277 3020 nil
291 2971 345 3020 AT
354 2989 410 3023 rece
420 2990 452 3024 m.
478 2989 514 3024 an
531 2973 576 3024 uis
585 2974 615 3023 K
618 2975 631 3022 l
651 2972 655 3038 Ι
683 2975 812 3040 congesta
834 2976 881 3028 TE
905 2977 1052 3045 congestae
1072 2970 1135 3038 Kll

165 3087 297 3153 pecuniae
314 3086 355 3136 Ε1
460 3091 492 3140 10
510 3061 580 3158 ἕξω
597 3091 627 3140 K
645 3089 649 3154 Ι
670 3107 786 3160 quaemq,
809 3093 834 3144 Τ
862 3110 972 3161 qnemq;
996 3097 1048 3148 ΕΑ
1068 3041 1139 3162 quill!

165 3155 195 3205 K
220 3170 385 3222 quemquam
405 3157 443 3207 O?
495 3159 527 3209 tu
544 3158 653 3223 pariter
669 3175 692 3210 e.
714 3177 749 3212 erc
765 3166 861 3228 pertas
879 3165 921 3214 uel
937 3167 1045 3229 purtem
1063 3165 1093 3216 K

166 3224 198 3274 16
215 3223 348 3290 implurel
361 3221 406 3288 ΕΙ
421 3224 548 3276 tranil'ue
565 3226 591 3276 E
661 3229 693 3279 18
711 3225 849 3294 quosslrel.
868 3228 894 3295 (l
899 3231 964 3295 fort.
977 3249 1028 3284 non
1037 3250 1082 3298 pr.
1097 3250 1105 3281 a

168 3291 192 3340 T
269 3289 648 3359 etprqerprled(1imp.au)
669 3295 693 3345 T
717 3299 898 3362 praecipuum
916 3300 941 3350 Α
1024 3301 1058 3352 25
1078 3315 1105 3352 eo

164 3359 285 3477 {diducis
281 3423 307 3491 (e
326 3357 639 3496 effulsuddqust'leecmles
652 3362 768 3497 (θέζνφθ)
787 3365 1064 3506 Βῖἓέἅξιθᾟῒῖἕὲ
1092 3385 1108 3435 p

164 3493 197 3543 28
217 3492 352 3546 collocate
370 3495 392 3562 (l
409 3499 435 3548 in
452 3511 506 3547 rae·
525 3495 571 3560 al.)
594 3495 631 3548 T²
650 3496 720 3550 conl.
738 3499 768 3552 K
