2458 3912
523 215 585 257 va

21 369 23 440 ξ
63 365 182 440 prologo
213 371 348 425 scenicas
374 369 576 425 meretriculas
610 384 643 424 ex
676 368 686 423 l
717 369 752 440 1,
780 368 835 440 28,
862 367 1030 425 lleinerus

21 455 22 480 ³
61 452 87 507 in
111 450 209 508 libello
226 453 271 509 -de
299 453 408 528 ineptiis
436 452 574 508 cuiusdam
609 450 755 526 idiotae:*)
793 453 928 510 Carmina
956 471 1030 510 com·

21 531 22 608 s
60 540 143 608 posui
162 544 310 612 aratoque
339 540 439 595 labore
459 543 560 612 peregi
586 539 652 594 erl
684 540 700 595 1
730 556 755 594 v.
790 539 823 611 1,
851 556 883 595 ex
911 539 1030 596 eiusdem

21 677 22 688 ,
62 623 188 678 carminis
213 641 238 679 v.
264 624 302 680 11
332 622 533 680 comoediae
554 622 679 698 Lydiae
706 632 801 681 auctor
828 641 855 682 u.
879 624 954 681 321:
983 623 1031 680 Irt-

21 723 22 726 ’
62 711 230 780 tempestiui
248 708 358 782 fallunt
374 717 424 766 tua
440 715 569 782 tempora
586 713 663 766 caui.
702 708 891 766 Guallerus
914 710 1031 784 denique

21 863 23 866 Ι
62 791 97 847 de
119 791 350 850 Castellione
374 795 421 869 qui
443 796 516 850 inter
537 804 727 870 praeceptores
750 796 792 852 sui
814 795 913 851 saeculi
941 794 1031 850 laudat

64 876 189 933 Boetium
219 881 248 935 in
271 879 364 935 Goliac
393 875 616 954 apocalypsim),
644 896 675 937 er
703 880 714 936 Ι
737 880 755 937 2
778 898 803 936 v.
826 878 868 938 20
889 879 1032 954 descripsit

63 961 134 1017 Alex.
158 961 196 1018 lll
220 963 297 1022 14'6:
331 965 400 1033 Quis
421 967 498 1022 dedit
519 972 657 1023 autumno
678 969 801 1023 maturis
823 969 933 1040 cingier
954 968 1031 1037 uuis,

21 1085 23 1092 ,
64 1047 220 1122 iterumque
236 1049 265 1106 C.
282 1049 349 1104 Vllll
365 1048 415 1122 65,
438 1049 561 1125 aliosque
583 1051 724 1109 boetianos
747 1052 823 1108 locos
840 1051 981 1126 usurpauit
1003 1049 1031 1109 c.

21 1135 23 1200 ζ
63 1131 103 1187 llll
127 1132 179 1190 ds.
206 1133 244 1206 (B.
269 1134 300 1190 lll
325 1133 370 1208 9),
393 1135 425 1190 lll
448 1133 489 1191 44
512 1135 551 1207 (Β.
576 1137 585 1192 Ι
609 1138 625 1193 1
649 1155 674 1192 v.
698 1135 758 1208 21).
1082 1199 1088 1206 „

144 1217 226 1275 Sicut
259 1219 349 1294 gallici
380 1229 478 1294 poetae
511 1237 628 1295 quorum
661 1223 783 1298 exempla
816 1224 919 1296 aliquot
952 1237 1033 1295 supra

21 1319 22 1324 ¹
64 1319 88 1376 p.
110 1301 183 1359 lllll
206 1304 331 1376 exhibui,
354 1305 394 1361 sio
416 1314 446 1362 ct
467 1308 614 1381 germanici
628 1308 705 1363 Booti
727 1309 892 1363 mentionem
913 1305 1031 1380 iaciunt;

21 1435 23 1470 ,
64 1403 144 1444 unum
173 1389 282 1447 alieram
305 1391 456 1466 exemplum
483 1391 663 1449 Wernheri
686 1392 726 1448 dc
749 1385 1033 1462 dimendorl***),

21 1483 23 1502 ³
67 1474 110 1546 qui
131 1474 173 1531 sic
197 1477 249 1532 ait:

21 1569 22 1572 ’
192 1579 299 1635 Danaae
322 1579 435 1653 spriohit
457 1578 530 1636 alsus

192 1663 245 1719 ller
266 1665 335 1719 wisc
356 1681 417 1719 man
439 1663 548 1720 Boetius

194 1765 279 1821 „man
301 1747 387 1804 lumit
410 1749 485 1805 nieht
507 1743 541 1803 21⁰1
563 1748 611 1806 der
634 1748 778 1820 wislreide,

194 1833 242 1889 daz
265 1850 325 1890 man
348 1833 406 1890 sich
429 1834 511 1890 dama
532 1832 651 1907 hereide,

194 1918 242 1974 daz
265 1935 302 1975 nu
325 1917 454 1994 gescalfin
476 1920 522 1991 ist,

194 2021 254 2061 man
278 2003 317 2060 sal
339 2004 388 2060 daz
411 2003 479 2060 ende
501 1999 602 2079 prfiuin
624 2005 673 2061 mit
694 2004 782 2061 rehtir
804 2001 882 2060 lisl.“

149 2121 343 2180 Praetermitto
367 2123 488 2198 exempla
509 2140 542 2180 ex
569 2123 704 2198 pedestris
727 2124 857 2179 orationis
881 2121 1033 2179 auctoribus

22 2201 24 2208 ’
73 2208 151 2278 petila
173 2207 282 2264 duobus
305 2210 440 2282 exceptis,
464 2226 580 2283 quorum
595 2209 710 2264 alterum
726 2206 868 2263 confirmat
889 2207 1035 2263 lectionem

75 2307 124 2346 uno
162 2294 363 2368 'legernseensi
399 2293 468 2351 libro
506 2293 645 2350 traditam:
683 2292 858 2348 Corradus
895 2293 965 2348 enim
996 2291 1034 2346 de

73 2373 159 2434 liure
190 2381 236 2454 qui
265 2397 287 2436 s.
315 2378 369 2434 lllll
400 2379 488 2436 medio
516 2379 627 2453 scripsit
654 2395 790 2436 summum
817 2378 853 2434 de
875 2385 940 2434 arte
966 2395 1034 2450 pro·

23 2461 25 2512 J
74 2461 192 2536 saudi†)
213 2465 280 2521 haec
302 2466 478 2539 transumpsit
500 2481 532 2520 ex
554 2463 659 2522 Consi
677 2465 710 2535 1,
727 2463 781 2522 38:
807 2467 892 2537 quasi
914 2478 1036 2537 syrenes

73 2562 159 2618 usqae
192 2553 222 2606 in
251 2553 391 2612 auitum
418 2553 518 2607 dulces
550 2558 630 2624 atquc
658 2566 690 2605 ex
713 2549 763 2606 {7
791 2566 817 2605 v.
841 2547 895 2604 25:
928 2550 1036 2621 gaudio

72 2635 163 2705 pelte,
189 2637 268 2706 pelle
302 2676 309 2691 .
333 2675 340 2692 .
365 2677 391 2708 .‚
419 2635 535 2710 allerunp
563 2636 659 2691 lucerii
686 2635 804 2690 auctoris
832 2633 905 2708 angli
935 2651 957 2688 s.
981 2631 1036 2687 lllll

75 2717 169 2786 prioris
204 2721 251 2794 qui
283 2721 318 2776 de
350 2721 521 2794 imaginibus
553 2719 582 2776 t‘a
613 2721 737 2776 ecclesia
763 2719 916 2791 pingendis
937 2716 1037 2772 librum

77 2803 204 2878 coniecit,
224 2806 363 2877 sabuloso
386 2806 483 2877 uulpis
498 2813 525 2862 ct
546 2807 618 2879 palli
636 2805 763 2875 diludia,
787 2805 885 2859 simius
907 2803 1039 2858 tibicines

78 2893 102 2940 el
122 2905 209 2947 ortos
230 2891 344 2960 iiroS,
368 2907 436 2963 quae
459 2907 491 2945 en
513 2889 593 2946 Cons.
615 2889 626 2943 l
648 2887 683 2960 4,
713 2888 731 2944 2
754 2896 878 2962 prompta
900 2903 960 2943 esse
982 2886 1038 2943 edi·

78 2977 117 3026 lor
143 2972 380 3050 doctissimus††)
410 2991 466 3031 uon
488 2974 565 3032 uidit.
602 2974 697 3030 Petri
719 2973 869 3030 llamiani
899 2971 980 3030 uerba
1010 2975 1037 3027 in

140 3191 339 3324 lesu
355 3189 578 3310 accere
593 3189 775 3312 resecr
794 3206 818 3243 2·

140 3325 199 3393 ***)
216 3328 323 3394 Haupti
343 3332 370 3378 et
387 3327 549 3378 Hoffmanni
567 3327 750 3378 Alideutsche
769 3327 878 3376 Bl'aitter
895 3326 923 3376 11
941 3327 1002 3376 207.

140 3397 169 3458 †)
194 3396 281 3447 edidit
303 3395 462 3461 Rockinger
484 3396 512 3445 in
536 3395 654 3457 anllen
682 3395 737 3444 und
764 3395 969 3458 Erdrlcrungen
991 3409 1040 3442 zur

25 3523 26 3526 Ἴ
121 3464 243 3522 prischen
262 3463 430 3514 Geschichle
448 3463 497 3527 IX,
515 3463 608 3527 ibique
626 3462 681 3513 uid.
700 3480 726 3527 p.
744 3463 794 3512 426
814 3470 841 3511 et
858 3462 916 3516 462,

142 3533 191 3596 ††)
210 3531 288 3583 Pitra
307 3532 442 3599 Spicilegi
465 3531 648 3582 Solesmensis
666 3535 686 3582 t.
705 3531 746 3580 111
765 3546 791 3595 p.
809 3529 923 3582 LXXIV

126 3623 202 3663 Bootii
219 3634 280 3664 cous.
295 3623 328 3665 ed.
343 3624 430 3672 Peiper.
488 3667 496 3680 ο
872 3629 885 3664 e
