<?xml version="1.0" encoding="UTF-8"?>
<!DOCTYPE html PUBLIC "-//W3C//DTD XHTML 1.0 Transitional//EN"
    "http://www.w3.org/TR/xhtml1/DTD/xhtml1-transitional.dtd">
<html xmlns="http://www.w3.org/1999/xhtml" xml:lang="en" lang="en">
 <head>
  <title>
</title>
<meta http-equiv="Content-Type" content="text/html;charset=utf-8" />
  <meta name='ocr-system' content='tesseract 3.04.00' />
  <meta name='ocr-capabilities' content='ocr_page ocr_carea ocr_par ocr_line ocrx_word'/>
</head>
<body>
  <div class='ocr_page' id='page_1' title='image "aniciimanliisev00peipgoog_0022.png"; bbox 0 0 2458 3912; ppageno 0'>
   <div class='ocr_carea' id='block_1_1' title="bbox 588 200 669 242">
    <p class='ocr_par' dir='ltr' id='par_1_1' title="bbox 588 200 669 242">
     <span class='ocr_line' id='line_1_1' title="bbox 588 200 669 242; baseline -0.012 0"><span class='ocrx_word' id='word_1_1' title='bbox 588 200 669 242; x_wconf 83' lang='lat' dir='ltr'>XVIII</span> 
     </span>
    </p>
   </div>
   <div class='ocr_carea' id='block_1_2' title="bbox 79 353 1182 3118">
    <p class='ocr_par' dir='ltr' id='par_1_2' title="bbox 148 353 1124 582">
     <span class='ocr_line' id='line_1_2' title="bbox 149 353 1121 432; baseline -0.002 -20"><span class='ocrx_word' id='word_1_2' title='bbox 149 357 251 428; x_wconf 80' lang='lat' dir='ltr'>inulta,</span> <span class='ocrx_word' id='word_1_3' title='bbox 275 355 381 429; x_wconf 78' lang='lat' dir='ltr'><strong>aliquot</strong></span> <span class='ocrx_word' id='word_1_4' title='bbox 404 364 493 411; x_wconf 86' lang='lat' dir='ltr'>tamen</span> <span class='ocrx_word' id='word_1_5' title='bbox 516 355 581 410; x_wconf 88' lang='lat' dir='ltr'>uitia</span> <span class='ocrx_word' id='word_1_6' title='bbox 604 355 747 410; x_wconf 81' lang='lat' dir='ltr'>conmunia</span> <span class='ocrx_word' id='word_1_7' title='bbox 769 360 848 432; x_wconf 74' lang='lat' dir='ltr'>sunt,</span> <span class='ocrx_word' id='word_1_8' title='bbox 878 353 955 410; x_wconf 89' lang='lat' dir='ltr'>uelut</span> <span class='ocrx_word' id='word_1_9' title='bbox 976 353 986 408; x_wconf 85' lang='lat'>1</span> <span class='ocrx_word' id='word_1_10' title='bbox 1011 354 1027 409; x_wconf 92' lang='lat' dir='ltr'>l</span> <span class='ocrx_word' id='word_1_11' title='bbox 1052 372 1076 410; x_wconf 88' lang='lat' dir='ltr'>v.</span> <span class='ocrx_word' id='word_1_12' title='bbox 1103 355 1121 410; x_wconf 81' lang='lat'><strong>7</strong></span> 
     </span>
     <span class='ocr_line' id='line_1_3' title="bbox 149 436 1124 512; baseline -0.004 -14"><span class='ocrx_word' id='word_1_13' title='bbox 149 446 213 498; x_wconf 83' lang='lat' dir='ltr'>olim</span> <span class='ocrx_word' id='word_1_14' title='bbox 253 440 263 495; x_wconf 86' lang='lat'><em>1</em></span> <span class='ocrx_word' id='word_1_15' title='bbox 292 440 310 498; x_wconf 88' lang='lat'><strong>3</strong></span> <span class='ocrx_word' id='word_1_16' title='bbox 342 457 365 494; x_wconf 90' lang='lat' dir='ltr'>v.</span> <span class='ocrx_word' id='word_1_17' title='bbox 396 440 414 497; x_wconf 88' lang='lat'><strong>3</strong></span> <span class='ocrx_word' id='word_1_18' title='bbox 445 441 542 497; x_wconf 76' lang='lat' dir='ltr'>sidera</span> <span class='ocrx_word' id='word_1_19' title='bbox 578 437 632 494; x_wconf 85' lang='lat'>14</span> <span class='ocrx_word' id='word_1_20' title='bbox 661 455 686 493; x_wconf 83' lang='lat' dir='ltr'>v.</span> <span class='ocrx_word' id='word_1_21' title='bbox 717 436 735 493; x_wconf 79' lang='lat'>2</span> <span class='ocrx_word' id='word_1_22' title='bbox 760 442 817 512; x_wconf 76' lang='lat' dir='ltr'>epit</span> <span class='ocrx_word' id='word_1_23' title='bbox 854 455 876 492; x_wconf 92' lang='lat' dir='ltr'>v.</span> <span class='ocrx_word' id='word_1_24' title='bbox 900 439 917 496; x_wconf 89' lang='grc'><strong>6</strong></span> <span class='ocrx_word' id='word_1_25' title='bbox 941 443 1124 512; x_wconf 72' lang='lat' dir='ltr'>exagitantis</span> 
     </span>
     <span class='ocr_line' id='line_1_4' title="bbox 148 521 1033 582; baseline 0 -3"><span class='ocrx_word' id='word_1_26' title='bbox 148 544 172 582; x_wconf 88' lang='lat' dir='ltr'>v.</span> <span class='ocrx_word' id='word_1_27' title='bbox 200 526 236 580; x_wconf 89' lang='grc'>11</span> <span class='ocrx_word' id='word_1_28' title='bbox 262 541 369 582; x_wconf 77' lang='lat' dir='ltr'>saeuos</span> <span class='ocrx_word' id='word_1_29' title='bbox 413 524 435 579; x_wconf 89' lang='lat' dir='ltr'>u</span> <span class='ocrx_word' id='word_1_30' title='bbox 460 524 475 579; x_wconf 92' lang='lat' dir='ltr'>l</span> <span class='ocrx_word' id='word_1_31' title='bbox 502 542 527 580; x_wconf 91' lang='lat' dir='ltr'>v.</span> <span class='ocrx_word' id='word_1_32' title='bbox 550 523 568 580; x_wconf 89' lang='lat'><em>8</em></span> <span class='ocrx_word' id='word_1_33' title='bbox 592 527 654 580; x_wconf 78' lang='lat' dir='ltr'>suis</span> <span class='ocrx_word' id='word_1_34' title='bbox 690 521 722 577; x_wconf 86' lang='grc' dir='ltr'>ΙΙΙ</span> <span class='ocrx_word' id='word_1_35' title='bbox 747 523 768 580; x_wconf 84' lang='lat'><strong>3</strong></span> <span class='ocrx_word' id='word_1_36' title='bbox 790 540 813 577; x_wconf 89' lang='lat' dir='ltr'>v.</span> <span class='ocrx_word' id='word_1_37' title='bbox 839 522 878 580; x_wconf 85' lang='grc'>39</span> <span class='ocrx_word' id='word_1_38' title='bbox 902 527 1033 580; x_wconf 81' lang='lat' dir='ltr'>uulnere.</span> 
     </span>
    </p>

    <p class='ocr_par' dir='ltr' id='par_1_3' title="bbox 79 605 1182 3118">
     <span class='ocr_line' id='line_1_5' title="bbox 233 605 1124 682; baseline 0 -18"><span class='ocrx_word' id='word_1_39' title='bbox 233 609 306 666; x_wconf 87' lang='lat' dir='ltr'>idern</span> <span class='ocrx_word' id='word_1_40' title='bbox 338 625 488 666; x_wconf 85' lang='lat' dir='ltr'>consensus</span> <span class='ocrx_word' id='word_1_41' title='bbox 517 607 711 682; x_wconf 87' lang='lat' dir='ltr'>plerorumque</span> <span class='ocrx_word' id='word_1_42' title='bbox 739 605 869 664; x_wconf 80' lang='lat' dir='ltr'>libroruin</span> <span class='ocrx_word' id='word_1_43' title='bbox 898 607 977 664; x_wconf 83' lang='lat' dir='ltr'>docet</span> <span class='ocrx_word' id='word_1_44' title='bbox 1005 611 1051 681; x_wconf 89' lang='lat' dir='ltr'>qui</span> <span class='ocrx_word' id='word_1_45' title='bbox 1080 618 1124 664; x_wconf 91' lang='lat' dir='ltr'>est</span> 
     </span>
     <span class='ocr_line' id='line_1_6' title="bbox 151 691 1124 768; baseline -0.003 -18"><span class='ocrx_word' id='word_1_46' title='bbox 151 698 176 751; x_wconf 90' lang='lat' dir='ltr'>in</span> <span class='ocrx_word' id='word_1_47' title='bbox 200 693 440 768; x_wconf 76' lang='lat' dir='ltr'>inscriptionibns3</span> <span class='ocrx_word' id='word_1_48' title='bbox 457 710 516 750; x_wconf 85' lang='lat' dir='ltr'>narn</span> <span class='ocrx_word' id='word_1_49' title='bbox 533 695 579 766; x_wconf 90' lang='lat' dir='ltr'>qui</span> <span class='ocrx_word' id='word_1_50' title='bbox 594 709 650 749; x_wconf 90' lang='lat' dir='ltr'>non</span> <span class='ocrx_word' id='word_1_51' title='bbox 667 700 732 748; x_wconf 88' lang='lat' dir='ltr'>sunt</span> <span class='ocrx_word' id='word_1_52' title='bbox 753 691 920 765; x_wconf 86' lang='lat' dir='ltr'>interpolati,</span> <span class='ocrx_word' id='word_1_53' title='bbox 943 693 1052 766; x_wconf 86' lang='lat' dir='ltr'>plenum</span> <span class='ocrx_word' id='word_1_54' title='bbox 1076 710 1124 748; x_wconf 92' lang='lat' dir='ltr'>au·</span> 
     </span>
     <span class='ocr_line' id='line_1_7' title="bbox 150 777 1123 850; baseline -0.004 -14"><span class='ocrx_word' id='word_1_55' title='bbox 150 781 233 837; x_wconf 88' lang='lat' dir='ltr'>etoris</span> <span class='ocrx_word' id='word_1_56' title='bbox 258 779 367 835; x_wconf 84' lang='lat' dir='ltr'>titulum</span> <span class='ocrx_word' id='word_1_57' title='bbox 391 795 446 834; x_wconf 91' lang='lat' dir='ltr'>non</span> <span class='ocrx_word' id='word_1_58' title='bbox 469 780 496 833; x_wconf 93' lang='lat' dir='ltr'>in</span> <span class='ocrx_word' id='word_1_59' title='bbox 519 778 611 834; x_wconf 81' lang='lat' dir='ltr'>nonae</span> <span class='ocrx_word' id='word_1_60' title='bbox 635 777 678 834; x_wconf 89' lang='lat' dir='ltr'>uel</span> <span class='ocrx_word' id='word_1_61' title='bbox 709 779 737 831; x_wconf 92' lang='lat' dir='ltr'>in</span> <span class='ocrx_word' id='word_1_62' title='bbox 759 777 830 832; x_wconf 87' lang='lat' dir='ltr'>ealce</span> <span class='ocrx_word' id='word_1_63' title='bbox 854 780 958 850; x_wconf 86' lang='lat' dir='ltr'>operis,</span> <span class='ocrx_word' id='word_1_64' title='bbox 987 778 1035 833; x_wconf 87' lang='lat' dir='ltr'>sed</span> <span class='ocrx_word' id='word_1_65' title='bbox 1058 785 1123 850; x_wconf 93' lang='lat' dir='ltr'>post</span> 
     </span>
     <span class='ocr_line' id='line_1_8' title="bbox 151 861 1123 938; baseline -0.005 -18"><span class='ocrx_word' id='word_1_66' title='bbox 151 873 275 938; x_wconf 83' lang='lat' dir='ltr'>quartum</span> <span class='ocrx_word' id='word_1_67' title='bbox 299 864 396 920; x_wconf 87' lang='lat' dir='ltr'>librum</span> <span class='ocrx_word' id='word_1_68' title='bbox 420 862 546 919; x_wconf 80' lang='lat' dir='ltr'>exhibent</span> <span class='ocrx_word' id='word_1_69' title='bbox 578 878 694 937; x_wconf 85' lang='lat' dir='ltr'>euinque</span> <span class='ocrx_word' id='word_1_70' title='bbox 717 863 816 918; x_wconf 87' lang='lat' dir='ltr'>uitiose</span> <span class='ocrx_word' id='word_1_71' title='bbox 838 864 976 935; x_wconf 87' lang='lat' dir='ltr'>seriptum.</span> <span class='ocrx_word' id='word_1_72' title='bbox 1021 861 1123 918; x_wconf 82' lang='lat' dir='ltr'>Verani</span> 
     </span>
     <span class='ocr_line' id='line_1_9' title="bbox 151 945 1124 1021; baseline -0.004 -17"><span class='ocrx_word' id='word_1_73' title='bbox 151 950 182 1004; x_wconf 87' lang='lat' dir='ltr'>ah</span> <span class='ocrx_word' id='word_1_74' title='bbox 205 949 252 1004; x_wconf 87' lang='lat' dir='ltr'>illo</span> <span class='ocrx_word' id='word_1_75' title='bbox 275 950 403 1021; x_wconf 72' lang='lat' dir='ltr'>primario</span> <span class='ocrx_word' id='word_1_76' title='bbox 433 948 509 1003; x_wconf 86' lang='lat' dir='ltr'>fonte</span> <span class='ocrx_word' id='word_1_77' title='bbox 537 962 626 1004; x_wconf 86' lang='lat' dir='ltr'>sermo</span> <span class='ocrx_word' id='word_1_78' title='bbox 650 945 792 1004; x_wconf 81' lang='lat' dir='ltr'>boetianas</span> <span class='ocrx_word' id='word_1_79' title='bbox 820 947 947 1020; x_wconf 85' lang='lat' dir='ltr'>paulatim</span> <span class='ocrx_word' id='word_1_80' title='bbox 970 963 1020 1020; x_wconf 77' lang='lat' dir='ltr'>per</span> <span class='ocrx_word' id='word_1_81' title='bbox 1041 945 1124 1002; x_wconf 86' lang='lat' dir='ltr'>medii</span> 
     </span>
     <span class='ocr_line' id='line_1_10' title="bbox 151 1030 1123 1105; baseline -0.002 -17"><span class='ocrx_word' id='word_1_82' title='bbox 151 1037 208 1089; x_wconf 86' lang='lat' dir='ltr'>aeui</span> <span class='ocrx_word' id='word_1_83' title='bbox 232 1033 339 1090; x_wconf 82' lang='lat' dir='ltr'>saecula</span> <span class='ocrx_word' id='word_1_84' title='bbox 361 1034 457 1088; x_wconf 85' lang='lat' dir='ltr'>mirum</span> <span class='ocrx_word' id='word_1_85' title='bbox 480 1041 610 1105; x_wconf 78' lang='lat' dir='ltr'>quantuni</span> <span class='ocrx_word' id='word_1_86' title='bbox 633 1031 758 1089; x_wconf 89' lang='lat' dir='ltr'>detortus</span> <span class='ocrx_word' id='word_1_87' title='bbox 782 1039 900 1088; x_wconf 88' lang='lat' dir='ltr'>estnon</span> <span class='ocrx_word' id='word_1_88' title='bbox 923 1040 978 1086; x_wconf 87' lang='lat' dir='ltr'>tam</span> <span class='ocrx_word' id='word_1_89' title='bbox 1000 1030 1123 1087; x_wconf 89' lang='lat' dir='ltr'>librario·</span> 
     </span>
     <span class='ocr_line' id='line_1_11' title="bbox 150 1117 1122 1190; baseline -0.002 -18"><span class='ocrx_word' id='word_1_90' title='bbox 150 1136 210 1173; x_wconf 83' lang='lat' dir='ltr'>rum</span> <span class='ocrx_word' id='word_1_91' title='bbox 234 1118 358 1173; x_wconf 86' lang='lat' dir='ltr'>socordia</span> <span class='ocrx_word' id='word_1_92' title='bbox 388 1134 467 1190; x_wconf 86' lang='lat' dir='ltr'>quarn</span> <span class='ocrx_word' id='word_1_93' title='bbox 488 1117 641 1173; x_wconf 85' lang='lat' dir='ltr'>&#39;doctorum</span> <span class='ocrx_word' id='word_1_94' title='bbox 670 1118 792 1173; x_wconf 78' lang='lat' dir='ltr'>uIrorurn</span> <span class='ocrx_word' id='word_1_95' title='bbox 822 1132 903 1188; x_wconf 89' lang='lat' dir='ltr'>opera</span> <span class='ocrx_word' id='word_1_96' title='bbox 931 1118 978 1190; x_wconf 90' lang='lat' dir='ltr'>qui</span> <span class='ocrx_word' id='word_1_97' title='bbox 1006 1117 1122 1190; x_wconf 86' lang='lat' dir='ltr'>egregio</span> 
     </span>
     <span class='ocr_line' id='line_1_12' title="bbox 152 1199 1123 1275; baseline -0.003 -18"><span class='ocrx_word' id='word_1_98' title='bbox 152 1204 231 1258; x_wconf 88' lang='lat' dir='ltr'>huius</span> <span class='ocrx_word' id='word_1_99' title='bbox 255 1204 345 1275; x_wconf 90' lang='lat' dir='ltr'>operis</span> <span class='ocrx_word' id='word_1_100' title='bbox 369 1218 460 1257; x_wconf 78' lang='lat' dir='ltr'>ramore</span> <span class='ocrx_word' id='word_1_101' title='bbox 483 1201 573 1273; x_wconf 83' lang='lat' dir='ltr'>ducti,</span> <span class='ocrx_word' id='word_1_102' title='bbox 597 1201 670 1274; x_wconf 87' lang='lat' dir='ltr'>qnod</span> <span class='ocrx_word' id='word_1_103' title='bbox 699 1217 789 1258; x_wconf 84' lang='lat' dir='ltr'>eorarn</span> <span class='ocrx_word' id='word_1_104' title='bbox 814 1200 961 1274; x_wconf 86' lang='lat' dir='ltr'>discipulos</span> <span class='ocrx_word' id='word_1_105' title='bbox 984 1199 1123 1275; x_wconf 79' lang='lat' dir='ltr'>legebant,</span> 
     </span>
     <span class='ocr_line' id='line_1_13' title="bbox 152 1284 1124 1360; baseline -0.002 -18"><span class='ocrx_word' id='word_1_106' title='bbox 152 1288 259 1342; x_wconf 85' lang='lat' dir='ltr'>iliorum</span> <span class='ocrx_word' id='word_1_107' title='bbox 283 1287 432 1360; x_wconf 78' lang='lat' dir='ltr'>sphalmata</span> <span class='ocrx_word' id='word_1_108' title='bbox 461 1287 616 1360; x_wconf 81' lang='lat' dir='ltr'>corrigere,</span> <span class='ocrx_word' id='word_1_109' title='bbox 649 1285 806 1342; x_wconf 83' lang='lat' dir='ltr'>obscuriora</span> <span class='ocrx_word' id='word_1_110' title='bbox 834 1285 995 1358; x_wconf 77' lang='lat' dir='ltr'>inlustrare,</span> <span class='ocrx_word' id='word_1_111' title='bbox 1025 1284 1124 1341; x_wconf 91' lang='lat' dir='ltr'>uerbo·</span> 
     </span>
     <span class='ocr_line' id='line_1_14' title="bbox 151 1369 1122 1443; baseline -0.002 -17"><span class='ocrx_word' id='word_1_112' title='bbox 151 1387 210 1426; x_wconf 85' lang='lat' dir='ltr'>rurn</span> <span class='ocrx_word' id='word_1_113' title='bbox 240 1370 361 1428; x_wconf 87' lang='lat' dir='ltr'>ordinem</span> <span class='ocrx_word' id='word_1_114' title='bbox 391 1371 499 1443; x_wconf 79' lang='lat' dir='ltr'>leuare,</span> <span class='ocrx_word' id='word_1_115' title='bbox 527 1371 619 1426; x_wconf 90' lang='lat' dir='ltr'>stilurn</span> <span class='ocrx_word' id='word_1_116' title='bbox 649 1372 785 1428; x_wconf 73' lang='lat' dir='ltr'>arietans.</span> <span class='ocrx_word' id='word_1_117' title='bbox 795 1369 937 1426; x_wconf 89' lang='lat' dir='ltr'>emendare</span> <span class='ocrx_word' id='word_1_118' title='bbox 966 1369 1122 1441; x_wconf 76' lang='lat' dir='ltr'>studebant,</span> 
     </span>
     <span class='ocr_line' id='line_1_15' title="bbox 152 1453 1119 1530; baseline -0.004 -18"><span class='ocrx_word' id='word_1_119' title='bbox 152 1457 177 1512; x_wconf 91' lang='lat' dir='ltr'>id</span> <span class='ocrx_word' id='word_1_120' title='bbox 201 1457 274 1530; x_wconf 84' lang='lat' dir='ltr'>qood</span> <span class='ocrx_word' id='word_1_121' title='bbox 298 1457 452 1512; x_wconf 78' lang='lat' dir='ltr'>incohatum</span> <span class='ocrx_word' id='word_1_122' title='bbox 476 1456 552 1512; x_wconf 88' lang='lat' dir='ltr'>uides</span> <span class='ocrx_word' id='word_1_123' title='bbox 576 1458 603 1511; x_wconf 93' lang='lat' dir='ltr'>in</span> <span class='ocrx_word' id='word_1_124' title='bbox 620 1454 749 1512; x_wconf 86' lang='lat' dir='ltr'>Beruensi</span> <span class='ocrx_word' id='word_1_125' title='bbox 764 1453 818 1526; x_wconf 82' lang='lat' dir='ltr'>(K),</span> <span class='ocrx_word' id='word_1_126' title='bbox 841 1453 1005 1526; x_wconf 78' lang='lat' dir='ltr'>ahsolutum,</span> <span class='ocrx_word' id='word_1_127' title='bbox 1029 1461 1059 1509; x_wconf 94' lang='lat' dir='ltr'>ut</span> <span class='ocrx_word' id='word_1_128' title='bbox 1082 1456 1119 1508; x_wconf 88' lang='lat' dir='ltr'>ita</span> 
     </span>
     <span class='ocr_line' id='line_1_16' title="bbox 152 1536 1124 1613; baseline -0.003 -18"><span class='ocrx_word' id='word_1_129' title='bbox 152 1541 252 1611; x_wconf 76' lang='lat' dir='ltr'>dicam,</span> <span class='ocrx_word' id='word_1_130' title='bbox 274 1541 302 1594; x_wconf 89' lang='lat' dir='ltr'>in</span> <span class='ocrx_word' id='word_1_131' title='bbox 325 1539 449 1596; x_wconf 85' lang='lat' dir='ltr'>Gothano</span> <span class='ocrx_word' id='word_1_132' title='bbox 474 1536 526 1612; x_wconf 85' lang='grc' dir='ltr'>(Α).</span> <span class='ocrx_word' id='word_1_133' title='bbox 572 1539 694 1612; x_wconf 79' lang='lat' dir='ltr'>Eligendi</span> <span class='ocrx_word' id='word_1_134' title='bbox 717 1540 802 1613; x_wconf 87' lang='lat' dir='ltr'>igitur</span> <span class='ocrx_word' id='word_1_135' title='bbox 825 1547 901 1595; x_wconf 88' lang='lat' dir='ltr'>orant</span> <span class='ocrx_word' id='word_1_136' title='bbox 924 1541 970 1613; x_wconf 91' lang='lat' dir='ltr'>qui</span> <span class='ocrx_word' id='word_1_137' title='bbox 992 1539 1024 1594; x_wconf 91' lang='lat' dir='ltr'>ab</span> <span class='ocrx_word' id='word_1_138' title='bbox 1047 1546 1124 1593; x_wconf 90' lang='lat' dir='ltr'>utro-</span> 
     </span>
     <span class='ocr_line' id='line_1_17' title="bbox 153 1623 1122 1698; baseline -0.003 -19"><span class='ocrx_word' id='word_1_139' title='bbox 153 1643 205 1698; x_wconf 83' lang='lat' dir='ltr'>quo</span> <span class='ocrx_word' id='word_1_140' title='bbox 228 1625 411 1697; x_wconf 81' lang='lat' dir='ltr'>corruptionis</span> <span class='ocrx_word' id='word_1_141' title='bbox 435 1641 536 1698; x_wconf 88' lang='lat' dir='ltr'>genere</span> <span class='ocrx_word' id='word_1_142' title='bbox 558 1641 613 1679; x_wconf 93' lang='lat' dir='ltr'>non</span> <span class='ocrx_word' id='word_1_143' title='bbox 637 1624 744 1696; x_wconf 86' lang='lat' dir='ltr'>quidern</span> <span class='ocrx_word' id='word_1_144' title='bbox 767 1623 845 1679; x_wconf 85' lang='lat' dir='ltr'>liberi</span> <span class='ocrx_word' id='word_1_145' title='bbox 867 1632 894 1680; x_wconf 90' lang='lat' dir='ltr'>at</span> <span class='ocrx_word' id='word_1_146' title='bbox 916 1625 1010 1679; x_wconf 89' lang='lat' dir='ltr'>saltem</span> <span class='ocrx_word' id='word_1_147' title='bbox 1033 1625 1122 1678; x_wconf 90' lang='lat' dir='ltr'>minus</span> 
     </span>
     <span class='ocr_line' id='line_1_18' title="bbox 152 1707 1124 1781; baseline -0.002 -17"><span class='ocrx_word' id='word_1_148' title='bbox 152 1709 244 1764; x_wconf 83' lang='lat' dir='ltr'>infecti</span> <span class='ocrx_word' id='word_1_149' title='bbox 267 1710 364 1764; x_wconf 85' lang='lat' dir='ltr'>ceteris</span> <span class='ocrx_word' id='word_1_150' title='bbox 388 1718 473 1764; x_wconf 89' lang='lat' dir='ltr'>erant.</span> <span class='ocrx_word' id='word_1_151' title='bbox 512 1707 585 1775; x_wconf 80' lang='lat' dir='ltr'>Quos</span> <span class='ocrx_word' id='word_1_152' title='bbox 614 1708 804 1781; x_wconf 86' lang='lat' dir='ltr'>praetulerim,</span> <span class='ocrx_word' id='word_1_153' title='bbox 835 1716 862 1764; x_wconf 91' lang='lat' dir='ltr'>et</span> <span class='ocrx_word' id='word_1_154' title='bbox 890 1725 922 1764; x_wconf 84' lang='lat' dir='ltr'>en</span> <span class='ocrx_word' id='word_1_155' title='bbox 951 1708 1045 1765; x_wconf 75' lang='lat' dir='ltr'>ordIne</span> <span class='ocrx_word' id='word_1_156' title='bbox 1068 1723 1124 1780; x_wconf 92' lang='lat' dir='ltr'>quo</span> 
     </span>
     <span class='ocr_line' id='line_1_19' title="bbox 153 1791 1124 1866; baseline -0.001 -19"><span class='ocrx_word' id='word_1_157' title='bbox 153 1793 424 1864; x_wconf 67' lang='lat' dir='ltr'>recommandises,</span> <span class='ocrx_word' id='word_1_158' title='bbox 453 1803 480 1850; x_wconf 86' lang='lat' dir='ltr'>et</span> <span class='ocrx_word' id='word_1_159' title='bbox 509 1809 540 1849; x_wconf 86' lang='lat' dir='ltr'>en</span> <span class='ocrx_word' id='word_1_160' title='bbox 564 1791 653 1849; x_wconf 88' lang='lat' dir='ltr'>uerbis</span> <span class='ocrx_word' id='word_1_161' title='bbox 677 1791 775 1866; x_wconf 83' lang='lat' dir='ltr'>quihus</span> <span class='ocrx_word' id='word_1_162' title='bbox 804 1794 877 1848; x_wconf 87' lang='lat' dir='ltr'>huno</span> <span class='ocrx_word' id='word_1_163' title='bbox 899 1794 943 1849; x_wconf 86' lang='lat' dir='ltr'>uei</span> <span class='ocrx_word' id='word_1_164' title='bbox 960 1792 1035 1850; x_wconf 83' lang='lat' dir='ltr'>illurn</span> <span class='ocrx_word' id='word_1_165' title='bbox 1058 1808 1124 1865; x_wconf 94' lang='lat' dir='ltr'>pro-</span> 
     </span>
     <span class='ocr_line' id='line_1_20' title="bbox 154 1876 1124 1952; baseline 0 -20"><span class='ocrx_word' id='word_1_166' title='bbox 154 1887 263 1934; x_wconf 83' lang='lat' dir='ltr'>seoutus</span> <span class='ocrx_word' id='word_1_167' title='bbox 287 1894 347 1946; x_wconf 81' lang='lat' dir='ltr'>suan</span> <span class='ocrx_word' id='word_1_168' title='bbox 368 1885 494 1952; x_wconf 87' lang='lat' dir='ltr'>apparet;</span> <span class='ocrx_word' id='word_1_169' title='bbox 524 1877 558 1934; x_wconf 89' lang='lat' dir='ltr'>de</span> <span class='ocrx_word' id='word_1_170' title='bbox 580 1878 638 1933; x_wconf 90' lang='lat' dir='ltr'>aliis</span> <span class='ocrx_word' id='word_1_171' title='bbox 661 1893 712 1934; x_wconf 87' lang='lat' dir='ltr'>nee</span> <span class='ocrx_word' id='word_1_172' title='bbox 733 1876 798 1946; x_wconf 86' lang='lat' dir='ltr'>boni</span> <span class='ocrx_word' id='word_1_173' title='bbox 820 1894 871 1934; x_wconf 88' lang='lat' dir='ltr'>neo</span> <span class='ocrx_word' id='word_1_174' title='bbox 892 1879 954 1934; x_wconf 86' lang='lat' dir='ltr'>mali</span> <span class='ocrx_word' id='word_1_175' title='bbox 977 1877 1124 1952; x_wconf 84' lang='lat' dir='ltr'>quidquam</span> 
     </span>
     <span class='ocr_line' id='line_1_21' title="bbox 154 1961 1124 2036; baseline 0 -20"><span class='ocrx_word' id='word_1_176' title='bbox 154 1961 296 2019; x_wconf 85' lang='lat' dir='ltr'>dicendum</span> <span class='ocrx_word' id='word_1_177' title='bbox 320 1969 392 2034; x_wconf 83' lang='lat' dir='ltr'>erat,</span> <span class='ocrx_word' id='word_1_178' title='bbox 420 1965 519 2036; x_wconf 84' lang='lat' dir='ltr'>quippe</span> <span class='ocrx_word' id='word_1_179' title='bbox 550 1965 595 2036; x_wconf 90' lang='lat' dir='ltr'>qni</span> <span class='ocrx_word' id='word_1_180' title='bbox 624 1978 674 2017; x_wconf 87' lang='lat' dir='ltr'>nee</span> <span class='ocrx_word' id='word_1_181' title='bbox 702 1961 849 2018; x_wconf 81' lang='lat' dir='ltr'>adrtutibus</span> <span class='ocrx_word' id='word_1_182' title='bbox 878 1979 928 2019; x_wconf 89' lang='lat' dir='ltr'>nee</span> <span class='ocrx_word' id='word_1_183' title='bbox 956 1964 1028 2018; x_wconf 90' lang='lat' dir='ltr'>uitiis</span> <span class='ocrx_word' id='word_1_184' title='bbox 1056 1961 1124 2017; x_wconf 88' lang='lat' dir='ltr'>adeo</span> 
     </span>
     <span class='ocr_line' id='line_1_22' title="bbox 153 2049 1124 2120; baseline -0.001 -18"><span class='ocrx_word' id='word_1_185' title='bbox 153 2056 260 2103; x_wconf 88' lang='lat' dir='ltr'>eeteros</span> <span class='ocrx_word' id='word_1_186' title='bbox 283 2056 458 2120; x_wconf 82' lang='lat' dir='ltr'>superarent:</span> <span class='ocrx_word' id='word_1_187' title='bbox 489 2064 648 2120; x_wconf 83' lang='lat' dir='ltr'>quamquam</span> <span class='ocrx_word' id='word_1_188' title='bbox 677 2049 768 2120; x_wconf 84' lang='lat' dir='ltr'>magni</span> <span class='ocrx_word' id='word_1_189' title='bbox 796 2049 911 2120; x_wconf 87' lang='lat' dir='ltr'>quisque</span> <span class='ocrx_word' id='word_1_190' title='bbox 938 2049 1018 2120; x_wconf 89' lang='lat' dir='ltr'>pretii</span> <span class='ocrx_word' id='word_1_191' title='bbox 1041 2055 1124 2117; x_wconf 90' lang='lat' dir='ltr'>esset,</span> 
     </span>
     <span class='ocr_line' id='line_1_23' title="bbox 155 2130 1125 2206; baseline 0 -20"><span class='ocrx_word' id='word_1_192' title='bbox 155 2135 177 2188; x_wconf 90' lang='lat' dir='ltr'>si</span> <span class='ocrx_word' id='word_1_193' title='bbox 200 2131 323 2190; x_wconf 87' lang='lat' dir='ltr'>destituti</span> <span class='ocrx_word' id='word_1_194' title='bbox 342 2148 463 2187; x_wconf 88' lang='lat' dir='ltr'>essemus</span> <span class='ocrx_word' id='word_1_195' title='bbox 486 2131 654 2188; x_wconf 86' lang='lat' dir='ltr'>melioribus.</span> <span class='ocrx_word' id='word_1_196' title='bbox 694 2130 829 2198; x_wconf 79' lang='lat' dir='ltr'>Quattuor</span> <span class='ocrx_word' id='word_1_197' title='bbox 844 2132 929 2205; x_wconf 88' lang='lat' dir='ltr'>igitur</span> <span class='ocrx_word' id='word_1_198' title='bbox 944 2132 1032 2206; x_wconf 85' lang='lat' dir='ltr'>elegi,</span> <span class='ocrx_word' id='word_1_199' title='bbox 1056 2148 1125 2204; x_wconf 89' lang='lat' dir='ltr'>qno·</span> 
     </span>
     <span class='ocr_line' id='line_1_24' title="bbox 156 2215 1122 2291; baseline -0.001 -20"><span class='ocrx_word' id='word_1_200' title='bbox 156 2234 214 2272; x_wconf 84' lang='lat' dir='ltr'>runi</span> <span class='ocrx_word' id='word_1_201' title='bbox 231 2217 362 2272; x_wconf 81' lang='lat' dir='ltr'>lectiones</span> <span class='ocrx_word' id='word_1_202' title='bbox 378 2216 524 2291; x_wconf 82' lang='lat' dir='ltr'>diligenter</span> <span class='ocrx_word' id='word_1_203' title='bbox 547 2233 693 2290; x_wconf 88' lang='lat' dir='ltr'>perpensas</span> <span class='ocrx_word' id='word_1_204' title='bbox 710 2215 809 2288; x_wconf 89' lang='lat' dir='ltr'>ubique</span> <span class='ocrx_word' id='word_1_205' title='bbox 833 2215 1003 2273; x_wconf 84' lang='lat' dir='ltr'>adnotarem:</span> <span class='ocrx_word' id='word_1_206' title='bbox 1026 2215 1122 2284; x_wconf 82' lang='lat' dir='ltr'>TDKE,</span> 
     </span>
     <span class='ocr_line' id='line_1_25' title="bbox 154 2299 1124 2358; baseline -0.001 -2"><span class='ocrx_word' id='word_1_207' title='bbox 154 2311 260 2358; x_wconf 90' lang='lat' dir='ltr'>eeteros</span> <span class='ocrx_word' id='word_1_208' title='bbox 283 2317 344 2356; x_wconf 88' lang='lat' dir='ltr'>raro</span> <span class='ocrx_word' id='word_1_209' title='bbox 368 2301 497 2358; x_wconf 82' lang='lat' dir='ltr'>aduocaui</span> <span class='ocrx_word' id='word_1_210' title='bbox 520 2311 565 2357; x_wconf 89' lang='lat' dir='ltr'>aut</span> <span class='ocrx_word' id='word_1_211' title='bbox 589 2299 787 2358; x_wconf 86' lang='lat' dir='ltr'>difficilioribus</span> <span class='ocrx_word' id='word_1_212' title='bbox 810 2301 876 2357; x_wconf 86' lang='lat' dir='ltr'>loeis</span> <span class='ocrx_word' id='word_1_213' title='bbox 900 2309 947 2357; x_wconf 92' lang='lat' dir='ltr'>aut</span> <span class='ocrx_word' id='word_1_214' title='bbox 961 2301 1006 2356; x_wconf 83' lang='lat' dir='ltr'>ubi</span> <span class='ocrx_word' id='word_1_215' title='bbox 1029 2301 1124 2358; x_wconf 91' lang='lat' dir='ltr'>melio·</span> 
     </span>
     <span class='ocr_line' id='line_1_26' title="bbox 155 2383 1125 2460; baseline 0.003 -21"><span class='ocrx_word' id='word_1_216' title='bbox 155 2403 197 2440; x_wconf 93' lang='lat' dir='ltr'>res</span> <span class='ocrx_word' id='word_1_217' title='bbox 221 2383 389 2440; x_wconf 83' lang='lat' dir='ltr'>deficiebant.</span> <span class='ocrx_word' id='word_1_218' title='bbox 426 2384 464 2439; x_wconf 85' lang='lat' dir='ltr'>En</span> <span class='ocrx_word' id='word_1_219' title='bbox 488 2387 529 2442; x_wconf 90' lang='lat' dir='ltr'>his</span> <span class='ocrx_word' id='word_1_220' title='bbox 554 2402 636 2441; x_wconf 88' lang='lat' dir='ltr'>unum</span> <span class='ocrx_word' id='word_1_221' title='bbox 654 2386 675 2440; x_wconf 83' lang='grc' dir='ltr'><strong>Τ</strong></span> <span class='ocrx_word' id='word_1_222' title='bbox 691 2394 799 2442; x_wconf 86' lang='lat' dir='ltr'>eeteros</span> <span class='ocrx_word' id='word_1_223' title='bbox 822 2386 904 2460; x_wconf 87' lang='lat' dir='ltr'>longe</span> <span class='ocrx_word' id='word_1_224' title='bbox 926 2402 1055 2459; x_wconf 87' lang='lat' dir='ltr'>superare</span> <span class='ocrx_word' id='word_1_225' title='bbox 1078 2403 1125 2442; x_wconf 92' lang='lat' dir='ltr'>ne·</span> 
     </span>
     <span class='ocr_line' id='line_1_27' title="bbox 156 2461 1124 2544; baseline 0.002 -20"><span class='ocrx_word' id='word_1_226' title='bbox 156 2472 270 2540; x_wconf 85' lang='lat' dir='ltr'>nrinern,</span> <span class='ocrx_word' id='word_1_227' title='bbox 297 2461 348 2541; x_wconf 86' lang='lat' dir='ltr'>¹qni</span> <span class='ocrx_word' id='word_1_228' title='bbox 377 2468 529 2525; x_wconf 83' lang='lat' dir='ltr'>adcuratius</span> <span class='ocrx_word' id='word_1_229' title='bbox 557 2479 742 2543; x_wconf 86' lang='lat' dir='ltr'>perscrutatus</span> <span class='ocrx_word' id='word_1_230' title='bbox 772 2473 839 2542; x_wconf 81' lang='lat' dir='ltr'>erit,</span> <span class='ocrx_word' id='word_1_231' title='bbox 869 2471 965 2544; x_wconf 80' lang='lat' dir='ltr'>fugiet.</span> <span class='ocrx_word' id='word_1_232' title='bbox 996 2487 1029 2527; x_wconf 79' lang='lat' dir='ltr'>en</span> <span class='ocrx_word' id='word_1_233' title='bbox 1058 2472 1124 2526; x_wconf 89' lang='lat' dir='ltr'>satis</span> 
     </span>
     <span class='ocr_line' id='line_1_28' title="bbox 157 2553 1126 2628; baseline 0.002 -19"><span class='ocrx_word' id='word_1_234' title='bbox 157 2562 266 2610; x_wconf 87' lang='lat' dir='ltr'>uetusto</span> <span class='ocrx_word' id='word_1_235' title='bbox 295 2553 439 2626; x_wconf 84' lang='lat' dir='ltr'>exemplari</span> <span class='ocrx_word' id='word_1_236' title='bbox 467 2553 619 2627; x_wconf 75' lang='lat' dir='ltr'>descriptus</span> <span class='ocrx_word' id='word_1_237' title='bbox 648 2553 825 2612; x_wconf 86' lang='lat' dir='ltr'>solertissime</span> <span class='ocrx_word' id='word_1_238' title='bbox 854 2563 1001 2628; x_wconf 86' lang='lat' dir='ltr'>utrumque</span> <span class='ocrx_word' id='word_1_239' title='bbox 1027 2558 1126 2612; x_wconf 85' lang='lat' dir='ltr'>uitinrn</span> 
     </span>
     <span class='ocr_line' id='line_1_29' title="bbox 156 2638 1125 2714; baseline 0.003 -20"><span class='ocrx_word' id='word_1_240' title='bbox 156 2641 267 2712; x_wconf 80' lang='lat' dir='ltr'>egregie</span> <span class='ocrx_word' id='word_1_241' title='bbox 290 2638 430 2692; x_wconf 74' lang='lat' dir='ltr'>‹ienitauit</span> <span class='ocrx_word' id='word_1_242' title='bbox 468 2639 640 2694; x_wconf 82' lang='lat' dir='ltr'>diuersorum</span> <span class='ocrx_word' id='word_1_243' title='bbox 662 2638 693 2693; x_wconf 91' lang='lat' dir='ltr'>ab</span> <span class='ocrx_word' id='word_1_244' title='bbox 717 2655 749 2694; x_wconf 94' lang='lat' dir='ltr'>eo</span> <span class='ocrx_word' id='word_1_245' title='bbox 773 2646 853 2712; x_wconf 88' lang='lat' dir='ltr'>atque</span> <span class='ocrx_word' id='word_1_246' title='bbox 874 2642 1037 2712; x_wconf 82' lang='lat' dir='ltr'>cognatione</span> <span class='ocrx_word' id='word_1_247' title='bbox 1060 2657 1125 2714; x_wconf 86' lang='lat' dir='ltr'>qua·</span> 
     </span>
     <span class='ocr_line' id='line_1_30' title="bbox 155 2721 1125 2796; baseline 0.002 -18"><span class='ocrx_word' id='word_1_248' title='bbox 155 2725 215 2780; x_wconf 83' lang='lat' dir='ltr'>dam</span> <span class='ocrx_word' id='word_1_249' title='bbox 238 2725 308 2780; x_wconf 87' lang='lat' dir='ltr'>inter</span> <span class='ocrx_word' id='word_1_250' title='bbox 331 2739 360 2778; x_wconf 89' lang='lat' dir='ltr'>se</span> <span class='ocrx_word' id='word_1_251' title='bbox 384 2725 592 2778; x_wconf 78' lang='lat' dir='ltr'>coniunctorum</span> <span class='ocrx_word' id='word_1_252' title='bbox 607 2721 672 2780; x_wconf 82' lang='lat' dir='ltr'>DKE</span> <span class='ocrx_word' id='word_1_253' title='bbox 702 2724 819 2796; x_wconf 86' lang='lat' dir='ltr'>primurn</span> <span class='ocrx_word' id='word_1_254' title='bbox 848 2723 953 2780; x_wconf 86' lang='lat' dir='ltr'>obtinet</span> <span class='ocrx_word' id='word_1_255' title='bbox 981 2725 1070 2782; x_wconf 85' lang='lat' dir='ltr'>locuni</span> <span class='ocrx_word' id='word_1_256' title='bbox 1094 2726 1125 2796; x_wconf 78' lang='lat' dir='ltr'>D,</span> 
     </span>
     <span class='ocr_line' id='line_1_31' title="bbox 79 2806 1124 2882; baseline 0.001 -18"><span class='ocrx_word' id='word_1_257' title='bbox 79 2857 84 2864; x_wconf 87' lang='lat'>.</span> <span class='ocrx_word' id='word_1_258' title='bbox 155 2808 242 2863; x_wconf 82' lang='lat' dir='ltr'>mutto</span> <span class='ocrx_word' id='word_1_259' title='bbox 265 2807 384 2864; x_wconf 87' lang='lat' dir='ltr'>deterior</span> <span class='ocrx_word' id='word_1_260' title='bbox 407 2815 449 2863; x_wconf 91' lang='lat' dir='ltr'>est</span> <span class='ocrx_word' id='word_1_261' title='bbox 471 2806 508 2877; x_wconf 84' lang='grc' dir='ltr'>Κ,</span> <span class='ocrx_word' id='word_1_262' title='bbox 533 2808 608 2862; x_wconf 88' lang='lat' dir='ltr'>malis</span> <span class='ocrx_word' id='word_1_263' title='bbox 638 2817 782 2881; x_wconf 85' lang='lat' dir='ltr'>utrumque</span> <span class='ocrx_word' id='word_1_264' title='bbox 811 2811 921 2882; x_wconf 75' lang='lat' dir='ltr'>superat</span> <span class='ocrx_word' id='word_1_265' title='bbox 943 2807 978 2864; x_wconf 86' lang='lat' dir='ltr'>E:</span> <span class='ocrx_word' id='word_1_266' title='bbox 1007 2827 1057 2868; x_wconf 91' lang='lat' dir='ltr'>neo</span> <span class='ocrx_word' id='word_1_267' title='bbox 1085 2818 1124 2865; x_wconf 90' lang='lat' dir='ltr'>ta·</span> 
     </span>
     <span class='ocr_line' id='line_1_32' title="bbox 156 2883 1182 2968; baseline 0.005 -21"><span class='ocrx_word' id='word_1_268' title='bbox 156 2909 216 2948; x_wconf 84' lang='lat' dir='ltr'>rnen</span> <span class='ocrx_word' id='word_1_269' title='bbox 240 2893 281 2947; x_wconf 91' lang='lat' dir='ltr'>his</span> <span class='ocrx_word' id='word_1_270' title='bbox 305 2891 410 2947; x_wconf 86' lang='lat' dir='ltr'>duobus</span> <span class='ocrx_word' id='word_1_271' title='bbox 434 2892 669 2964; x_wconf 64' lang='lat' dir='ltr'>cusenderius,</span> <span class='ocrx_word' id='word_1_272' title='bbox 693 2892 738 2947; x_wconf 89' lang='lat' dir='ltr'>uhi</span> <span class='ocrx_word' id='word_1_273' title='bbox 761 2892 895 2950; x_wconf 87' lang='lat' dir='ltr'>scribendi</span> <span class='ocrx_word' id='word_1_274' title='bbox 918 2910 1026 2952; x_wconf 88' lang='lat' dir='ltr'>errores</span> <span class='ocrx_word' id='word_1_275' title='bbox 1048 2897 1076 2950; x_wconf 93' lang='lat' dir='ltr'>in</span> <span class='ocrx_word' id='word_1_276' title='bbox 1093 2895 1123 2968; x_wconf 80' lang='grc' dir='ltr'>Τ,</span> <span class='ocrx_word' id='word_1_277' title='bbox 1177 2883 1182 2890; x_wconf 66' lang='grc'><em>’</em></span> 
     </span>
     <span class='ocr_line' id='line_1_33' title="bbox 156 2976 1124 3037; baseline 0.003 -5"><span class='ocrx_word' id='word_1_278' title='bbox 156 2977 266 3037; x_wconf 84' lang='lat' dir='ltr'>lacunae</span> <span class='ocrx_word' id='word_1_279' title='bbox 288 2978 316 3030; x_wconf 95' lang='lat' dir='ltr'>in</span> <span class='ocrx_word' id='word_1_280' title='bbox 339 2976 358 3030; x_wconf 82' lang='lat' dir='ltr'>D</span> <span class='ocrx_word' id='word_1_281' title='bbox 381 2986 466 3034; x_wconf 87' lang='lat' dir='ltr'>erant.</span> <span class='ocrx_word' id='word_1_282' title='bbox 505 2976 576 3034; x_wconf 88' lang='lat' dir='ltr'>Haeo</span> <span class='ocrx_word' id='word_1_283' title='bbox 603 2979 711 3033; x_wconf 85' lang='lat' dir='ltr'>interim</span> <span class='ocrx_word' id='word_1_284' title='bbox 735 2977 768 3033; x_wconf 86' lang='lat' dir='ltr'>de</span> <span class='ocrx_word' id='word_1_285' title='bbox 791 2980 853 3033; x_wconf 86' lang='lat' dir='ltr'>crisi</span> <span class='ocrx_word' id='word_1_286' title='bbox 880 2980 908 3033; x_wconf 92' lang='lat' dir='ltr'>in</span> <span class='ocrx_word' id='word_1_287' title='bbox 931 2977 1124 3035; x_wconf 83' lang='lat' dir='ltr'>Consolatione</span> 
     </span>
     <span class='ocr_line' id='line_1_34' title="bbox 156 3059 533 3118; baseline 0 -1"><span class='ocrx_word' id='word_1_288' title='bbox 156 3061 274 3117; x_wconf 87' lang='lat' dir='ltr'>adldbita</span> <span class='ocrx_word' id='word_1_289' title='bbox 296 3060 366 3118; x_wconf 87' lang='lat' dir='ltr'>diota</span> <span class='ocrx_word' id='word_1_290' title='bbox 389 3059 533 3118; x_wconf 81' lang='lat' dir='ltr'>sufficiant.</span> 
     </span>
    </p>
   </div>
   <div class='ocr_carea' id='block_1_3' title="bbox 626 3265 647 3320">
    <p class='ocr_par' dir='ltr' id='par_1_4' title="bbox 626 3265 647 3320">
     <span class='ocr_line' id='line_1_35' title="bbox 626 3265 647 3320; baseline -0.048 0"><span class='ocrx_word' id='word_1_291' title='bbox 626 3265 647 3320; x_wconf 88' lang='lat' dir='ltr'>n</span> 
     </span>
    </p>
   </div>
   <div class='ocr_carea' id='block_1_4' title="bbox 157 3384 1125 3542">
    <p class='ocr_par' dir='ltr' id='par_1_5' title="bbox 157 3384 1125 3542">
     <span class='ocr_line' id='line_1_36' title="bbox 159 3384 1125 3474; baseline 0.003 -19"><span class='ocrx_word' id='word_1_292' title='bbox 159 3400 203 3456; x_wconf 85' lang='lat' dir='ltr'>His</span> <span class='ocrx_word' id='word_1_293' title='bbox 226 3417 308 3472; x_wconf 85' lang='lat' dir='ltr'>porro</span> <span class='ocrx_word' id='word_1_294' title='bbox 338 3401 479 3474; x_wconf 82' lang='lat' dir='ltr'>praesidiis</span> <span class='ocrx_word' id='word_1_295' title='bbox 504 3401 654 3456; x_wconf 83' lang='lat' dir='ltr'>emendatio</span> <span class='ocrx_word' id='word_1_296' title='bbox 685 3385 804 3474; x_wconf 85' lang='lat' dir='ltr'>quinque</span> <span class='ocrx_word' id='word_1_297' title='bbox 821 3384 1026 3474; x_wconf 76' lang='lat' dir='ltr'>,opusculorum</span> <span class='ocrx_word' id='word_1_298' title='bbox 1056 3403 1125 3460; x_wconf 85' lang='lat' dir='ltr'>chri·</span> 
     </span>
     <span class='ocr_line' id='line_1_37' title="bbox 157 3487 431 3542; baseline 0.015 -4"><span class='ocrx_word' id='word_1_299' title='bbox 157 3488 304 3542; x_wconf 87' lang='lat' dir='ltr'>stianorurn</span> <span class='ocrx_word' id='word_1_300' title='bbox 328 3487 431 3542; x_wconf 86' lang='lat' dir='ltr'>nititur.</span> 
     </span>
    </p>
   </div>
   <div class='ocr_carea' id='block_1_5' title="bbox 0 0 1242 3912">
    <p class='ocr_par' dir='ltr' id='par_1_6' title="bbox 0 0 1242 3912">
     <span class='ocr_line' id='line_1_38' title="bbox 0 0 1242 3912; baseline 0 0"><span class='ocrx_word' id='word_1_301' title='bbox 0 0 1242 3912; x_wconf 95' lang='lat' dir='ltr'> </span> 
     </span>
    </p>
   </div>
   <div class='ocr_carea' id='block_1_6' title="bbox 1226 1290 1231 1957">
    <p class='ocr_par' dir='ltr' id='par_1_7' title="bbox 1226 1290 1231 1957">
     <span class='ocr_line' id='line_1_39' title="bbox 1226 1290 1231 1957; baseline 0 0"><span class='ocrx_word' id='word_1_302' title='bbox 1226 1290 1231 1957; x_wconf 95' lang='lat' dir='ltr'> </span> 
     </span>
    </p>
   </div>
  </div>
 </body>
</html>
