2388 3910
184 174 226 238 44
530 171 806 227 smnosoesuan

184 348 243 408 cita
264 352 501 408 consenesceret.
554 343 592 405 Et
614 342 679 405 illa:
709 343 796 424 Atqui
816 341 874 404 hoc
894 359 988 404 unurn
1007 349 1059 403 est
1080 341 1153 420 quod

157 439 372 510 spraestantes
392 430 514 511 quidem
542 437 650 491 natura
672 435 788 490 mentes
816 428 868 490 sed
890 427 1023 488 noudum
1048 425 1087 488 ad
1109 443 1153 486 en·

182 525 310 578 tremam
331 533 453 577 manum
476 517 623 577 uirtutum
645 512 831 593 perfectione
852 513 1012 592 perductas
1036 511 1154 572 allicere

183 602 276 680 possit
297 601 409 680 gloriae
433 601 550 662 scilicet
565 599 675 678 cupido
690 608 720 661 et
741 599 921 680 optimorum
943 598 976 658 in
990 594 1154 676 rempubli-

183 703 248 748 cam
274 685 351 748 lama
379 687 569 747 meritorum:
598 701 675 764 quae
703 702 792 764 quam
821 684 860 745 sit
889 680 976 744 exilis
1004 691 1040 744 et
1068 682 1155 742 totius

183 789 277 834 uacua
299 771 458 851 ponderis,
482 773 525 831 sic
541 769 710 831 considera.
742 768 867 830 Omnem
884 776 985 830 terrae
1000 765 1154 834 ambitum,

144 873 170 914 ιο
185 859 271 918 sicuti
295 856 483 935 astrologicis
506 852 811 916 demonstrationibus
834 853 990 933 occepisti,
1020 851 1061 914 ad
1084 849 1154 912 caeli
1186 883 1190 932 t

183 943 311 1022 spatium
334 942 439 1019 puncti
461 946 577 1001 constat
598 941 734 1018 optinere
750 941 913 1008 rationem,
936 937 967 998 id
991 943 1040 998 est
1064 944 1111 1006 ut,
1132 935 1155 994 si

182 1027 219 1087 ad
241 1025 379 1087 caelestis
401 1024 482 1104 globi
504 1024 739 1104 magnitudinem
762 1023 943 1092 conferatur,
967 1021 1046 1083 nibil
1069 1021 1151 1100 spatii
1184 1017 1190 1112 5

181 1127 307 1188 prorsus
328 1109 441 1171 habere
463 1109 626 1172 iudicetur.
659 1109 756 1171 Huius
778 1109 870 1188 igitur
892 1116 953 1169 tam
975 1107 1153 1186 exiguaeiu

182 1196 294 1256 mundo
316 1197 450 1274 regionis
470 1204 577 1275 quarta
599 1196 663 1256 lere
685 1196 785 1275 portio
807 1202 867 1264 est,
891 1194 970 1254 sicut
985 1191 1155 1253 Ptolomaeo
1188 1203 1190 1258 5

144 1279 329 1363 reprobante
352 1280 499 1352 didicisti,
523 1298 599 1361 quae
621 1278 712 1342 nobis
732 1281 862 1358 cognitis
884 1276 1091 1340 animantibus
1113 1277 1153 1336 in·
1187 1273 1190 1350 5

183 1366 307 1429 colatur.
352 1365 430 1427 Huic
450 1374 590 1445 quartae,
620 1367 646 1427 si
674 1372 819 1445 quantum
847 1364 943 1424 maria
972 1361 1154 1442 paludesque
1187 1355 1190 1426 5

181 1459 322 1530 premunt
344 1457 547 1531 quantumque
569 1451 617 1511 siti
645 1458 730 1512 uasta
759 1450 842 1528 regio
865 1447 1048 1528 distenditur
1079 1446 1152 1524 cogi·
1188 1437 1190 1514 5

181 1539 296 1598 tatione
319 1534 519 1606 subtraxeris,
543 1536 594 1596 uix
617 1535 827 1614 angustissima
844 1533 1037 1595 inhabitandi
1061 1531 1151 1593 homi·
1188 1531 1190 1570 Ψ

182 1619 273 1681 nibus
295 1637 367 1681 area
389 1620 588 1702 relinquetur.
633 1618 667 1681 lu
695 1620 752 1680 hoc
774 1621 870 1698 igitur
898 1619 1024 1680 minimo
1053 1615 1151 1696 puncti
1188 1637 1190 1700 ᾗ

144 1723 170 1764 so
183 1704 311 1784 quodam
333 1713 446 1783 puncto
468 1705 679 1783 circumsaepti
702 1713 791 1785 atque
814 1703 950 1766 conclusi
973 1703 1010 1764 de
1032 1700 1150 1782 peruul-
1187 1701 1190 1774 ξ

183 1788 279 1867 ganda
302 1789 380 1851 lama
402 1791 439 1851 de
467 1789 650 1871 proferendo
672 1791 793 1852 nomine
822 1789 981 1868 cogitatis?
1025 1796 1060 1850 ut
1087 1784 1151 1867 quid
1188 1777 1190 1860 5

182 1873 292 1936 habeat
313 1875 444 1956 amplum
467 1876 718 1955 magnificumque
736 1874 830 1954 gloria
854 1881 915 1935 tarn
936 1876 1074 1954 augustis
1096 1872 1150 1932 exi·

183 1961 310 2039 guisque
331 1959 479 2021 limitibus
501 1960 615 2022 artata?
644 1959 727 2021 Adde
749 1959 828 2040 quod
843 1957 909 2019 ‘hoo
930 1959 1031 2036 ipsum
1055 1957 1151 2020 breuis
1187 1959 1190 2050 5

182 2042 346 2106 habitaculi
369 2052 504 2124 saeptum
526 2045 631 2126 plures
651 2044 787 2106 incolunt
808 2045 945 2106 notiones
967 2043 1071 2122 lingua
1093 2059 1148 2103 mo·
1187 2051 1190 2104 t

144 2145 169 2187 os
183 2129 270 2191 ribus
291 2132 384 2192 totius
406 2135 486 2194 uitae
509 2133 626 2192 ratione
649 2129 808 2201 distantes
835 2127 872 2190 ad
896 2138 1057 2207 questum
1079 2127 1149 2189 diffi-
1188 2105 1190 2168 Ὗ

183 2215 291 2276 cultate
319 2218 463 2276 itinerum
492 2225 557 2278 tum
591 2214 733 2296 loquendi
767 2215 946 2277 diuersitate
979 2221 1043 2276 tum
1076 2229 1148 2274 com·
1187 2209 1190 2256 ¹

182 2301 289 2361 mercii
311 2300 469 2362 insolentia
497 2319 558 2362 non
581 2300 669 2360 modo
691 2299 769 2362 lama
790 2300 947 2361 hominum
970 2299 1148 2378 singulorum
1188 2305 1190 2350 t

195 2416 202 2428 κ
1187 2397 1190 2442 ι

133 2555 163 2598 7⁸
249 2547 364 2614 RVH]
398 2550 589 2616 bpreltentes
611 2551 635 2600 T
647 2550 651 2617 Ι
665 2554 693 2602 in
708 2551 733 2601 Τ
746 2567 810 2605 umas
827 2555 962 2618 quaternio
979 2555 1147 2618 iuquoeront
1186 2541 1190 2618 5

200 2633 247 2670 uae
269 2621 387 2686 tepenter
408 2635 425 2669 a
442 2635 469 2674 a.
486 2621 503 2667 6
521 2617 692 2684 (perductos)
710 2635 789 2686 usque
811 2624 848 2672 od
868 2623 885 2675 l.
904 2621 957 2671 ΙΙΙ
973 2637 1018 2684 pr.
1039 2623 1055 2670 6
1078 2637 1101 2670 ιι,
1119 2619 1145 2668 17
1186 2641 1190 2680 ,τ

182 2635 261 2752 5pum
279 2701 351 2752 queo
369 2683 433 2752 uec)
457 2689 556 2738 eccidit
578 2688 635 2738 olim
652 2689 701 2739 sed
722 2705 739 2738 a
761 2687 868 2740 librarlo
889 2689 999 2804 foedam
1021 2683 1147 2739 caecili

181 2769 218 2805 em
235 2757 323 2806 eodem
337 2754 412 2818 fonte
429 2756 458 2805 na·
470 2755 493 2818 f.
512 2755 645 2820 suppletus
663 2763 711 2809 est,
764 2757 797 2806 10
816 2757 887 2808 astro
901 2755 987 2821 ogictl
1001 2754 1058 2820 (crs
1073 2771 1108 2806 eo
1122 2748 1149 2802 us
1187 2773 1190 2822 5

181 2821 216 2885 c.)
233 2823 263 2872 K
331 2823 361 2872 11
381 2819 490 2889 puncti]
509 2840 534 2872 o.
554 2823 643 2874 Otcero
664 2822 739 2874 limo.
759 2821 862 2884 Quaest.
881 2822 899 2874 Ι
916 2827 959 2888 17,
978 2825 1013 2874 40
1034 2825 1102 2876 Ptin.
1118 2817 1146 2871 11
1189 2829 1190 2868 t

182 2892 223 2952 68,
239 2893 290 2939 174
310 2885 440 2954 [Macrob.
454 2890 540 2943 Some.
552 2889 622 2956 Sclp.
639 2889 731 2941 VIIII
744 2893 760 2940 2
780 2892 861 2945 Amne.
877 2891 997 2945 Marcell.
1012 2889 1071 2944 XV
1081 2895 1097 2941 1
1109 2903 1145 2941 ea·
1189 2897 1190 2940 i

182 2989 332 3040 Martianus
346 2990 451 3055 Capella
467 2991 509 3042 VI
526 2987 590 3058 584]
608 2987 612 3056 5
627 2990 753 3057 optinere
771 2993 873 3044 ΜῈΑ
945 2995 977 3045 12
996 2964 1113 3046 celeltbl
1124 2989 1146 3040 K
1188 2967 1190 3052 5

251 3059 283 3108 14
298 3056 436 3124 ptolomeo
453 3059 478 3108 D
499 3059 655 3125 ptholomeo
671 3059 698 3110 Ε
722 3058 861 3113 tholomeo
880 3060 950 3128 TK5
969 3079 994 3116 u.
1014 3058 1147 3116 Ptolomaei
1189 3065 1190 3108 ξ

129 3136 167 3191 (Β)
181 3116 343 3189 συντάξεως
361 3141 466 3191 magnae
478 3127 513 3177 11
531 3126 649 3179 Macrod.
666 3126 750 3178 Some
763 3127 798 3178 11
816 3133 833 3179 5
851 3129 857 3194 5
877 3146 894 3180 a
911 3147 937 3181 a.
950 3133 983 3182 15
1002 3126 1087 3196 (quae
1105 3141 1147 3180 no·
1188 3157 1190 3186 2

180 3191 475 3328 lilqtttt‘itl
488 3195 610 3314 illiti
626 3191 692 3314 {ssil
711 3197 1134 3331 tit5⁰5ttdt⁰nttldtt

181 3327 254 3380 didio
271 3331 298 3380 in
315 3345 369 3382 ras.
400 3328 428 3378 K
507 3332 539 3382 17
556 3329 747 3394 praemuntT
817 3280 851 3384 ἕο
868 3333 1047 3399 circumsepti
1064 3350 1086 3384 oo
1188 3351 1190 3368 ·

180 3399 212 3446 21
231 3401 263 3448 nt
280 3396 347 3462 quid
361 3395 404 3447 ΤΟ
424 3395 515 3463 fsquid
532 3397 585 3449 ΕΚ
606 3397 662 3448 Aut
684 3397 750 3502 guig
767 3397 856 3449 A¹BN
878 3401 915 3450 At
934 3401 1000 3466 quid
1018 3403 1048 3454 M
1118 3399 1144 3450 il
1189 3457 1190 3466 ,

117 3509 122 3516 ·
181 3498 284 3565 septum
303 3499 324 3549 Ο
341 3499 446 3566 septum
465 3515 487 3550 ω
517 3575 522 3579 .
555 3501 588 3550 25
606 3500 729 3552 moribus
742 3500 829 3552 totius
849 3501 901 3567 (pr.
920 3501 985 3569 ssi)
1008 3505 1030 3554 Τ
