2458 3912
519 207 627 247 xxxvii

0 319 1 342 i

0 349 1 366 ¹
79 358 167 414 Nullo
192 375 286 415 manus
308 357 419 414 hostum
442 358 543 431 uiolet,
567 360 619 415 nisi
642 360 714 416 sorte
735 361 819 436 iugali

130 442 204 498 Haec
225 445 323 499 iterum
347 445 438 516 cupiat
460 445 574 518 iungere
596 445 715 501 membra
738 463 798 517 suo,

80 527 120 583 Ut
147 527 255 584 thalami
282 527 434 600 tumulique
457 545 546 584 comes
570 545 619 586 neo
641 538 729 586 morte
751 530 869 586 reueliar

0 597 1 620 ¹
130 611 164 668 Et
187 615 283 682 socios
301 614 373 669 uitae
397 621 488 669 nectat
510 621 626 687 uterque
650 616 725 671 cinis

0 827 1 840 t
81 781 146 837 Hoc
168 783 195 837 iu
219 781 362 854 sarcofago
384 784 454 839 iacet
476 799 537 838 ecoe
560 783 669 839 Boetius
692 793 751 841 arto

0 937 1 954 Χ
130 867 244 940 Magnos
268 875 296 922 et
319 867 474 923 omnimodo
496 866 705 942 magnificandus
729 870 820 925 horno.
871 901 873 912 ·

0 999 1 1040 t
82 949 139 1019 Qui
162 950 334 1007 Theoderico
357 953 416 1026 regi
438 952 543 1008 delatus
567 953 661 1025 iniquo

0 1103 1 1120 Χ
130 1035 238 1110 Papiam
262 1037 367 1092 senium
391 1037 467 1093 duxit
490 1039 517 1092 in
541 1037 658 1094 exilium.

0 1121 1 1132 ¹
81 1121 115 1176 ln
140 1138 195 1194 quo
218 1137 249 1176 se
273 1129 404 1176 maestum
426 1121 526 1176 solans·
542 1121 614 1178 dedit
637 1122 698 1178 inde
721 1122 853 1181 libellum.

129 1205 197 1260 Post
219 1207 291 1260 ictus
315 1205 405 1279 gladia
428 1207 494 1261 exiit
518 1223 533 1261 e
555 1206 653 1264 medio.

156 1439 310 1488 9—120m.
337 1437 412 1488 Bert.
483 1439 562 1488 9Ne
586 1454 640 1502 qua
664 1454 760 1488 manus
780 1438 825 1488 Ga.
861 1439 939 1490 Neue
962 1455 1058 1490 manus

87 1507 136 1556 ΤΕ
169 1505 255 1556 Nulla
276 1519 374 1555 manus
392 1503 417 1554 B
441 1505 445 1567 Ι
471 1505 523 1555 niu
542 1506 561 1556 f.
583 1507 626 1557 Gr.
645 1521 679 1556 ne
702 1506 774 1558 forte
797 1507 843 1556 TF
864 1505 868 1572 Ι
893 1507 993 1574 iugalis
1014 1509 1056 1558 Gr.

83 1573 175 1638 iugali
194 1573 220 1622 B
291 1575 323 1623 10
342 1573 395 1622 suis
416 1573 460 1623 Gr.
497 1572 586 1623 suoB
623 1575 692 1624 einis
711 1575 735 1624 F
802 1578 834 1625 11
853 1584 878 1625 et
897 1578 929 1626 12
947 1591 992 1627 om.
1016 1575 1062 1626 ΤΡ

85 1645 117 1691 11
136 1643 176 1690 Et
193 1641 233 1690 th.
254 1638 280 1688 B
299 1644 302 1704 Ι
322 1640 442 1691 reuellat
461 1643 505 1696 Gr.
524 1642 587 1696 Par.
606 1659 674 1694 corr.
697 1641 743 1692 PB
813 1646 845 1694 12
862 1644 960 1709 iungat
978 1645 1058 1693 haar,

0 1719 1 1786 j
85 1709 90 1772 Ι
117 1716 265 1773 utrumque
283 1709 356 1774 lapis
375 1709 400 1758 P

0 1865 1 1878 2
155 1827 200 1877 ΙΙΙ
219 1826 368 1892 Anonymas
390 1827 532 1878 Ticincnais
550 1830 581 1878 de
600 1829 716 1879 laudidus
733 1829 834 1894 Papiae
852 1845 874 1878 c.
892 1827 909 1877 1
914 1829 937 1880 V
957 1828 1059 1890 (Mara-

0 1925 1 1948 t
85 1899 139 1946 tori
155 1911 243 1945 amm
261 1897 323 1946 itali.
342 1911 377 1945 ss.
397 1895 456 1960 XI,
477 1899 521 1956 13)
593 1901 620 1946 et
642 1897 672 1945 in
694 1897 747 1946 heo
770 1899 837 1947 urbe
861 1898 924 1962 ipsa
945 1897 1060 1946 Boetius

0 1957 1 1974 ¹
85 1963 246 2014 trucidatus
271 1963 403 2014 occubuit
426 1965 500 2014 sicut
520 1968 601 2028 patet
623 1963 653 2014 in
677 1965 804 2016 uersibus
828 1965 858 2014 in
877 1965 937 2014 eiua
955 1964 1058 2014 tumulo

88 2033 216 2098 scriptis,
238 2031 286 2096 qui
305 2032 346 2080 sie
365 2031 476 2081 dieunt:
515 2032 575 2081 Hoc
600 2033 629 2081 in
648 2047 670 2081 s.
688 2064 721 2074 -
742 2031 831 2083 homo.
866 2032 899 2083 Iu
921 2031 973 2082 fine
993 2047 1058 2082 uera

86 2103 130 2150 sic
149 2100 285 2164 scriptum
304 2105 358 2148 eet:
389 2099 444 2160 Qui
462 2125 493 2136 -
518 2099 619 2152 medio.
659 2116 694 2150 eac
712 2115 742 2151 eo
760 2101 932 2151 coniunctaris
955 2107 1059 2164 tcmpta-

0 2177 1 2214 t
87 2177 137 2219 mm
156 2167 274 2219 eaaioaa
296 2163 467 2218 Tirabasckus
484 2167 537 2216 111
555 2169 596 2222 55.
622 2170 732 2234 aeaaiaa
748 2167 812 2218 haec
830 2168 956 2232 epitaphii
974 2167 1059 2229 farma

0 2259 1 2294 t
86 2235 132 2304 (af.
147 2237 257 2301 Meaert
270 2235 348 2286 Auta.
369 2235 448 2288 1487:
472 2235 533 2286 Hoc
550 2237 579 2286 iu
598 2235 770 2300 sarcophago
789 2235 911 2300 genitrix
929 2233 981 2285 duo
1002 2248 1059 2284 aor-

85 2321 155 2372 pora
174 2305 237 2354 nati
256 2301 464 2366 candiditate.)
483 2305 716 2368 etslcleyitaaia
732 2303 910 2366 Laurentiano
934 2301 1000 2370 libra
1017 2315 1059 2352 stt-
1107 2328 1108 2332 =

85 2389 137 2438 pra
155 2375 192 2424 ad
209 2389 232 2426 a.
251 2369 286 2420 II
304 2372 382 2422 citam
400 2371 494 2435 Helpis
512 2371 643 2436 epitaphia
667 2370 823 2422 coadunatam
842 2369 946 2433 (Boetii
962 2385 1059 2424 uersus

0 2423 1 2484 ¹
86 2440 239 2508 petephii).
291 2441 374 2490 Aliter
392 2439 441 2490 Iai.
462 2439 609 2490 Martianus
631 2439 699 2490 Rota
721 2441 748 2489 ia
770 2441 846 2504 epist.
873 2441 1060 2502 nuncupatoria

87 2510 140 2572 (ed.
159 2509 246 2560 Basil.
259 2506 395 2557 MDLXX
410 2508 457 2570 sai.
470 2509 510 2557 ad
528 2510 594 2559 ande
613 2509 752 2572 descripsit
770 2507 902 2558 Batonius
915 2508 983 2557 Aac.
999 2505 1059 2555 Vll

0 2619 1 2626 ,
87 2580 136 2628 115
163 2579 199 2628 ad
221 2591 246 2630 a.
272 2576 349 2637 526):
385 2575 583 2626 Circumfertur
607 2580 634 2626 et
652 2573 728 2626 aliud
746 2575 863 2640 elogium
894 2571 1016 2640 [praeter
1036 2589 1059 2623 c.

0 2703 1 2706 Ἴ
91 2645 185 2710 VIII]
205 2660 257 2708 quo
277 2643 450 2707 sepulchrum
470 2643 529 2693 eius
550 2644 738 2693 exornabatur
757 2649 841 2694 antea
865 2657 945 2706 quam
964 2642 1024 2692 illic
1043 2657 1059 2690 a

0 2765 1 2782 χ
87 2711 281 2779 Lnithprando
300 2711 486 2776 Lougobardo
504 2727 570 2776 rege
590 2711 787 2777 collocaretur:

191 2798 268 2848 Eece
286 2795 410 2846 Boethus
430 2795 509 2846 adest
527 2797 555 2845 in
575 2795 653 2846 caelo
672 2810 802 2859 magnus,
822 2799 850 2843 et
868 2794 941 2843 omni
963 2807 965 2810 ·

226 2868 389 2930 perspectus
408 2864 522 2928 mundo,
542 2865 626 2913 mirus
644 2862 786 2912 habendus
804 2862 893 2914 homo.

193 2933 247 2994 Qui
263 2931 437 2982 Theoderico
456 2932 515 2996 regi
535 2931 644 2981 delatus
662 2932 757 2993 iniquo

227 2999 319 3051 Ticini
337 2999 444 3049 senium
463 2999 543 3050 duxit
561 3001 589 3050 iu
608 2998 700 3050 exilio,

116 3069 120 3076 “
190 3069 224 3120 In
244 3083 296 3132 qua
315 3083 345 3116 se
365 3073 499 3117 maestum
517 3068 610 3118 solans
630 3065 706 3117 dedit
724 3067 791 3116 urbe
810 3064 941 3127 libellum,

228 3136 295 3186 Post
312 3136 385 3185 ictos
404 3135 513 3200 gladio,
533 3137 600 3185 exiit
619 3151 633 3184 e
652 3135 749 3187 medio.

158 3242 173 3289 1
193 3238 362 3304 sarcophago
379 3237 432 3287 atr.
452 3245 477 3287 et
489 3238 561 3300 iufra
577 3239 602 3288 V
613 3239 629 3287 3
648 3241 724 3287 arcto
739 3233 793 3287 Tar.
814 3252 877 3286 arco
891 3235 962 3286 Mar.
977 3235 1058 3285 Laoc.

137 3325 158 3360 r.
177 3308 204 3356 V
213 3311 229 3358 3
299 3305 364 3356 tM.
379 3310 407 3354 ot
419 3306 574 3356 omnimodo
593 3306 695 3356 orando
708 3302 929 3370 magnificandus
947 3302 974 3352 h.
989 3302 1059 3351 Mar.

135 3374 244 3426 nimodo
262 3373 451 3424 mirificandus
470 3373 496 3422 h.
513 3374 567 3426 Tic.
637 3376 654 3422 4
671 3372 764 3437 Papia
773 3373 842 3425 Mar.
880 3370 987 3434 Papiae
1004 3369 1059 3420 Tic.

134 3446 187 3495 aid.
213 3445 238 3494 V
255 3445 287 3494 16
357 3444 444 3506 dquo
463 3441 532 3492 Mur.
569 3457 621 3506 qua
642 3441 695 3491 Tic.
713 3439 717 3505 i
738 3439 803 3490 iude
822 3439 892 3490 Mar.
921 3437 988 3488 urbe
1007 3437 1060 3489 Tic.

137 3513 161 3562 it
178 3511 239 3576 post
258 3511 338 3562 Laoc.
