2458 3912
604 198 748 242 xxxxvtu
810 203 811 212 ¹

185 353 212 403 id
227 357 270 404 est
283 351 388 403 nullum
402 349 487 400 alium
505 353 618 416 praeter
630 363 682 400 uos
699 349 810 400 inuenio
830 348 876 412 qui
894 347 975 400 huius
992 347 1083 400 libelli
1102 365 1164 400 mu·

187 436 330 490 nusculum
348 436 433 502 digne
452 434 487 484 ad
505 433 650 500 legendum
669 437 697 483 et
715 432 909 498 corrigendum
928 433 1060 498 accipiat.
1092 449 1163 500 quo·
1219 419 1220 448 ³

185 525 259 574 niem
279 535 374 572 omnes
391 523 455 570 sunt
473 520 569 584 ignaui
588 522 616 570 et
639 517 743 570 inertes
761 543 768 555 ·
787 521 835 568 aut
852 520 917 570 suut
939 517 1015 569 docti
1033 519 1082 574 sed
1102 521 1163 572 cal·
1218 521 1220 570 J

186 607 236 660 lidi
254 613 284 660 et
301 605 398 656 inuidi.
417 631 447 642 —·
468 605 599 670 Igneus
623 603 796 670 segnities
820 602 939 670 ignauus
957 607 985 654 et
1003 604 1108 670 segnis,
1129 631 1164 640 -
1219 629 1220 668 3

186 690 343 744 Callidus
361 689 451 740 liuor
471 714 476 726 ·
496 687 593 740 callidi
611 693 640 740 et
662 686 754 740 insidi
776 685 909 738 homines.
928 713 960 724 -
979 686 1162 742 Contume·
1219 741 1220 746 ,

185 776 264 826 liam
283 775 468 826 iniuriam—
481 774 641 838 Irrogare
654 772 972 832 inferre-Talibus
991 773 1163 825 hominurn

186 847 349 911 mobrtris
369 883 375 896 ·
393 863 516 908 monstra
535 856 673 932 hominum
688 871 734 908 eos
749 856 872 924 appellet
891 871 959 924 quos
978 872 1062 924 supra
1081 859 1162 924 igna·
1219 899 1220 902 ,

189 961 238 997 uos
258 949 286 994 et
305 942 423 994 callidos
442 942 512 992 dixit
526 965 532 979 ·
546 941 743 995 auctoritatem
761 943 887 993 imitatur
907 943 1086 1010 euangelii
1104 957 1162 1011 qua
1217 947 1220 996 4

187 1030 289 1080 dicitur
307 1053 313 1064 ·
331 1025 424 1079 Nolite
441 1027 552 1077 mittere
571 1027 740 1094 margaritas
759 1032 823 1078 ante
847 1041 955 1094 porcos.
979 1023 1013 1063 ·'-
1036 1027 1161 1080 Stilum
1219 1059 1220 1072 2

1217 1077 1220 1218 l

1215 1263 1220 1414 l

188 1113 290 1180 puritate
319 1112 400 1178 (corr.
426 1113 509 1164 breu
536 1110 584 1179 -)
616 1111 789 1162 contraho
817 1112 962 1163 materiam
989 1111 1159 1164 obscuritate

188 1199 315 1263 quoniam
334 1213 412 1248 omne
435 1196 521 1250 breue
545 1199 696 1249 obscurum.
733 1195 870 1247 Intimis
896 1196 1040 1263 profundis
1066 1201 1094 1247 et
1118 1213 1160 1246 ar·

115 1343 122 1353 ,
189 1283 283 1334 charris
303 1287 331 1332 et
349 1297 384 1332 ex
403 1282 508 1334 intimis
526 1281 720 1350 philosophiae
740 1279 905 1346 disciplinis,
942 1281 1101 1332 Notandum
1115 1286 1158 1332 est

146 1381 149 1385 ·
188 1367 259 1434 quod
269 1367 351 1420 dicit:
364 1366 470 1418 idcirco
481 1366 591 1418 scilicet
603 1364 776 1417 difficillimis
786 1365 978 1429 questionibus
992 1366 1063 1416 addo
1074 1366 1160 1417 uerba

189 1453 332 1518 incognita
355 1457 388 1502 ut
411 1451 539 1502 dificilius
562 1452 669 1502 indocti
693 1450 838 1501 accedant.
863 1476 896 1487 -
919 1449 1001 1501 Velo
1025 1450 1112 1518 pallio
1132 1454 1159 1502 et

187 1537 358 1587 obscuritate
377 1537 480 1601 operio.
500 1562 533 1572 —
552 1535 723 1602 Siquando
743 1534 782 1585 ad
801 1551 839 1584 ea
859 1535 1068 1586 conuertitis
1087 1549 1160 1586 ocu-

188 1621 237 1674 los
255 1619 283 1670 id
303 1625 346 1672 est
364 1621 389 1672 si
407 1620 516 1686 quaudo
535 1619 672 1686 placuerit
698 1619 779 1670 uobis
798 1618 868 1671 talia,
891 1619 996 1686 legere,
1019 1647 1053 1655 -
1076 1615 1169 1670 Mihi·

188 1711 315 1755 tantum
335 1705 504 1770 uobisque
524 1703 777 1768 colloquentur.
818 1703 879 1754 Sibi
896 1703 971 1770 loqui
990 1703 1095 1756 dicitur
1113 1703 1158 1770 qui

188 1789 264 1840 solus
283 1789 355 1854 quod
374 1789 496 1854 loquitur
513 1788 663 1854 intellegit.
686 1788 764 1840 Vnde
784 1793 812 1839 et
830 1788 928 1841 beatus
945 1789 1158 1854 Augustinus

188 1874 221 1925 de
240 1880 338 1926 sancto
356 1872 501 1926 Ambrosio
520 1873 697 1939 praedicante
716 1873 769 1924 ait:
789 1872 843 1934 sibi
863 1876 891 1924 et
908 1874 960 1925 deo
977 1873 1108 1940 loquitur.
1127 1902 1156 1909 -

187 1959 432 2010 Summouimus
460 1958 657 2024 separauimua.
677 1983 710 1996 -
737 1957 870 2024 Capera
898 1952 931 2008 sb
958 1975 993 2010 ea
1017 1985 1048 1998 -·
1073 1959 1157 2012 Sane

188 2048 318 2094 tentum
337 2059 354 2093 a
372 2043 471 2093 uobis
490 2043 609 2106 quaeri
630 2058 672 2094 .ο.
703 2043 808 2094 Contra
826 2042 890 2094 illos
907 2043 961 2096 hoc
979 2045 1102 2110 loquitur
1113 2046 1158 2109 qni

188 2129 318 2179 nesciunt
335 2127 442 2180 modurn
464 2142 566 2191 ponere
590 2125 646 2192 (in)
669 2127 889 2194 interrogatione
913 2133 942 2178 et
967 2129 1156 2196 inquisitione.

188 2215 228 2265 ita
247 2214 319 2264 enim
339 2213 430 2264 omnia
443 2217 507 2264 sunt
526 2212 678 2262 tractanda
691 2218 723 2262 ut
741 2227 850 2279 semper
869 2215 942 2264 ratio
955 2214 1030 2266 infra
1049 2229 1079 2266 se
1098 2231 1158 2266 oon-

188 2298 272 2348 sistat
282 2313 333 2348 nec
343 2312 471 2362 umquam
486 2299 561 2348 uires
574 2298 683 2362 ingenii
694 2299 737 2347 sui
748 2299 807 2364 quis
821 2297 903 2348 debet
914 2298 1056 2351 excedere.
1075 2299 1158 2364 quue

189 2380 360 2448 solummodo
379 2382 461 2432 decet
481 2384 611 2432 memorie
630 2381 820 2434 commendare
843 2382 915 2447 quod
928 2383 1081 2434 certissime
1101 2385 1157 2435 fue·

189 2467 226 2515 rit
248 2470 386 2531 repertum
410 2471 438 2516 et
460 2467 614 2532 probatum.
656 2467 727 2532 quod
750 2472 843 2517 autem
866 2467 1024 2534 ambiguum
1047 2470 1094 2520 uel
1117 2470 1156 2518 iu·

189 2551 328 2615 cognitum
349 2551 435 2601 fuerit
453 2566 470 2600 a
483 2549 559 2601 nullo
578 2557 621 2603 est
632 2566 760 2616 umquam
773 2551 935 2614 sumendum
948 2553 1076 2616 quoniam
1096 2555 1156 2604 ideo

188 2635 282 2701 plures
305 2635 417 2686 fuerunt
440 2636 557 2686 heretici
580 2637 645 2700 quia
669 2636 769 2687 altiora
798 2652 827 2688 se
851 2637 1031 2700 quaesierunt
1054 2644 1081 2688 et
1106 2652 1156 2703 que

188 2721 354 2786 ignorabant
377 2721 500 2786 proferre
521 2722 614 2771 conati
633 2727 703 2771 suut.
724 2748 758 2758 -
775 2722 854 2771 Nam
878 2722 1007 2773 ceteris
1027 2738 1155 2788 quoque

189 2806 324 2856 artibus
345 2805 390 2858 sel
408 2806 583 2859 liberalibus.
619 2806 704 2857 Verbi
723 2806 813 2872 gratia
837 2806 939 2871 siquis
962 2807 1058 2859 doctor
1077 2809 1156 2859 disci-

189 2889 281 2954 pulum
294 2893 384 2942 minus
403 2895 594 2957 perspicacem
607 2891 728 2941 instruet
751 2896 779 2941 et
799 2891 847 2942 ille
871 2907 970 2963 sensus
993 2892 1155 2944 hebitudine

190 2991 243 3025 non
263 2974 438 3026 intellexerit
462 2976 545 3042 culpa
568 2977 697 3041 magistri
719 2976 844 3026 docentis
863 2993 918 3028 uon
937 2978 991 3027 erit
1009 2978 1058 3028 sed
1075 2977 1156 3028 disci·

187 3059 245 3124 puli
258 3059 405 3112 audientis.
419 3062 579 3125 -Neque
598 3059 769 3112 medicina
788 3075 919 3129 semper
938 3063 1049 3114 affert
1066 3063 1154 3132 egris

189 3144 337 3194 salutem
360 3161 393 3196 ac
419 3144 550 3196 sidicat:
569 3145 609 3197 sic
628 3142 710 3196 etiam
730 3145 798 3196 talis
825 3146 976 3212 disputatio
999 3163 1054 3199 non
1076 3162 1155 3214 equa·

188 3229 252 3278 liter
275 3230 400 3280 omnibus
421 3230 542 3296 prodest.
561 3255 595 3266 -
614 3230 678 3282 Sed
700 3231 794 3282 nulla
813 3233 878 3283 erit
896 3247 931 3286 m.
954 3247 978 3286 c.
1014 3231 1049 3284 Se
1068 3233 1152 3298 ipsum

189 3313 303 3378 quodem
323 3314 401 3366 modo
420 3315 542 3366 medenti
562 3321 715 3381 comparat.
751 3317 830 3368 Sicut
852 3333 918 3384 ergo
940 3318 1031 3383 inquit
1058 3316 1153 3368 medici

189 3399 271 3465 culpa
289 3415 344 3450 non
363 3405 405 3452 est
424 3400 495 3466 quod
513 3399 636 3452 infirmus
655 3401 778 3454 adhibito
796 3403 923 3454 medendi
941 3401 1033 3455 studio
1052 3405 1152 3462 sanita·

188 3487 243 3534 tem
261 3500 315 3535 non
334 3487 435 3553 recipit
458 3486 500 3536 ita
518 3485 602 3536 etiam
625 3501 687 3538 mea
711 3487 794 3552 culpa
817 3503 872 3538 non
897 3489 949 3538 erit
973 3490 997 3539 si
1019 3489 1152 3556 incipiens
