2388 3910
279 129 288 142 ‘
399 151 695 207 consecutionis
718 155 746 208 11
1014 154 1055 219 41

22 328 23 331 ’
72 323 153 404 quod
177 341 348 404 perrarum
364 332 424 396 est,
446 325 552 406 probis
567 326 755 398 deierantur,
779 327 850 408 quid
866 330 898 388 in
916 328 961 389 eis
976 327 1056 390 aliud
1070 347 1095 389 ro

70 423 162 490 quam
193 409 340 489 probitas
369 413 518 472 utentium
540 410 655 492 placet?
701 413 742 472 ita
769 413 816 484 tit,
846 421 880 475 ut
907 431 968 474 non
996 415 1057 474 uir·

68 492 194 555 tutibus
219 513 263 556 ex
286 495 434 574 dignitate
458 495 509 557 sed
533 515 569 557 ex
598 498 709 558 uirtute
738 496 935 576 dignitatibus
962 497 1058 559 bonor

69 579 213 642 accedat.
250 578 334 650 Quae
355 599 430 642 uero
453 591 499 642 est
519 582 577 643 ista
599 587 700 643 uestra
723 580 892 662 expetibilis
914 601 947 644 ao
969 601 1057 664 prae·

68 664 149 726 clara
174 665 340 745 potentini
377 682 477 728 noune
499 685 517 728 o
539 675 661 728 terrena
683 666 824 730 animalia
847 668 1056 738 consideratis,
1128 723 1136 744 „

68 748 186 830 quibus
212 751 269 830 qui
291 749 467 832 praesidere
490 751 675 813 uideaminil
705 751 790 814 Nunc
813 754 839 814 si
855 754 934 814 inter
956 770 1057 814 mures
1071 771 1096 813 is

67 834 199 897 uideres
226 853 324 897 unum
347 836 475 917 aliquem
499 839 547 898 ius
570 836 628 898 sibl
656 853 691 898 ac
712 843 889 918 potestatem
913 855 985 916 prae
1007 855 1057 899 ce·

66 921 144 980 teris
176 922 410 992 uindicantem,
438 929 550 1002 quanto
578 924 745 984 mouereris
772 923 935 985 cachinno?
984 922 1057 1004 quid

4 1001 10 1072 ξ
67 1021 161 1075 uero,
190 1007 220 1066 si
247 1023 358 1086 corpus
387 1016 521 1088 spectes,
551 1006 721 1069 inbecillius
747 1006 870 1069 bomine
900 1008 1057 1088 repperire

4 1130 6 1154 .
68 1107 166 1169 queas
200 1108 282 1170 quos
310 1109 400 1172 saepe
428 1093 632 1154 muscularum
654 1109 774 1173 queque
797 1093 846 1155 uel
868 1110 986 1154 morsus
1008 1092 1057 1154 uel

4 1176 8 1222 t
68 1177 101 1235 in
130 1183 263 1238 secreta
292 1194 428 1257 quaeque
456 1179 641 1258 reptantium
669 1185 758 1238 necat
786 1178 948 1240 introitus?
992 1177 1057 1249 Quo
1070 1195 1096 1238 eo

3 1264 7 1330 ἓ
72 1277 150 1320 uero
176 1263 344 1342 quisquam
366 1264 415 1323 ius
437 1262 555 1342 aliquod
582 1265 613 1322 in
636 1263 807 1342 quempiam
828 1264 886 1324 nisi
907 1265 940 1324 in
961 1263 1058 1324 solum

4 1340 9 1385 t
73 1345 188 1426 corpus
216 1354 248 1408 et
269 1347 349 1426 quod
372 1348 452 1409 inira
468 1364 577 1426 corpus
599 1355 654 1415 est,
678 1347 828 1408 fortunam
850 1346 966 1428 loquor,
988 1364 1057 1426 pos·

4 1500 7 1511 ,
75 1431 113 1490 sit
138 1432 309 1492 exserere?
351 1450 422 1494 num
446 1432 609 1513 quidquam
632 1430 729 1492 libero
752 1431 918 1513 imperabis
941 1431 1058 1493 animo?

4 1522 6 1546 ³
72 1531 147 1576 num
172 1525 313 1578 mentem
335 1518 420 1579 firma
449 1516 508 1578 sibi
529 1519 645 1579 ratione
674 1517 886 1578 cohaerentem
915 1516 951 1578 de
980 1524 1058 1577 statu

6 1647 7 1652 1
74 1603 224 1678 propriae
259 1603 371 1682 quietis
407 1601 581 1664 amouebis?
636 1601 710 1664 Cum
743 1601 874 1664 liberum
906 1602 1056 1682 quendam
1070 1617 1095 1660 ss

4 1705 12 1764 t
76 1686 181 1746 uirum
207 1687 368 1766 suppliciis
384 1705 421 1749 se
444 1696 589 1768 tyrannus
610 1687 787 1749 adacturum
802 1694 935 1768 putaret,
959 1693 992 1747 ut
1007 1686 1058 1748 ad·

6 1817 9 1840 ,
77 1787 206 1833 uersum
231 1790 264 1834 se
286 1772 383 1834 laetae
407 1773 622 1835 coniurationis
651 1771 787 1834 conscios
813 1772 971 1853 proderet,
1000 1771 1058 1833 lin·

6 1852 8 1909 l
77 1871 167 1932 guam
201 1857 258 1918 ille
292 1857 455 1919 momordit
487 1866 577 1938 atque
607 1856 733 1918 abscidit
761 1867 790 1919 et
818 1859 850 1920 in
879 1875 912 1918 os
938 1858 1058 1938 tyranni

6 1953 13 1964 ³
80 1942 249 2003 saeuientis
272 1941 400 2005 abiecit:
424 1945 467 2005 ita
489 1944 650 2012 cruciatus,
673 1961 748 2022 quos
768 1941 893 2022 putabat
914 1951 1058 2023 tyrannus

5 2035 7 2106 g
79 2029 243 2088 materiam
272 2028 473 2099 crudelitatis,
505 2029 554 2089 uir
583 2029 703 2108 sapiens
730 2028 803 2089 iecit
832 2045 896 2089 esse
924 2028 1056 2089 uirtutis.
1071 2042 1097 2084 co

5 2127 7 2178 ζ
80 2107 156 2180 Quid
183 2121 287 2174 autem
316 2120 362 2174 est
388 2113 467 2193 quod
496 2115 527 2174 in
551 2113 643 2174 alium
672 2113 770 2174 lacere
797 2113 924 2192 quisque
952 2113 1057 2191 possit,

4 2229 8 2252 ι
81 2196 161 2272 quod
186 2199 338 2260 sustinere
361 2197 397 2261 ab
421 2199 479 2260 alio
501 2199 566 2276 ipse
588 2216 649 2260 non
671 2198 785 2278 possiti
815 2196 986 2258 Busiridem
1008 2212 1058 2256 ac·

4 2281 6 2360 fl
81 2279 216 2361 cipimus
248 2301 358 2344 necare
391 2283 525 2362 hospites
557 2282 678 2344 solitum
711 2280 749 2343 ab
782 2279 911 2343 llercule
941 2281 1059 2361 bospite

3 2413 6 2421 .
81 2365 177 2428 luisse
203 2375 375 2430 mactatum.
415 2367 546 2447 Regulus
575 2367 679 2448 plures
706 2366 873 2428 Poenorum
902 2365 982 2428 bello
1011 2385 1059 2427 ca-

2 2449 13 2458 ”
83 2459 150 2528 ptos
175 2455 209 2517 in
234 2452 333 2514 uincla
357 2455 544 2522 coniecerat,
573 2451 625 2512 sed
648 2467 716 2513 mox
744 2453 814 2532 ipse·
833 2454 984 2513 uictorum
1008 2469 1058 2512 ca·
1071 2464 1096 2507 as

83 2538 164 2600 tenis
199 2555 305 2600 manus
337 2537 486 2619 praebuit.
539 2536 673 2599 Vllamne
704 2539 798 2614 igitur
831 2538 897 2598 eius
929 2537 1060 2598 bominis

158 2727 192 2776 13
210 2722 251 2775 est
268 2739 315 2776 om.
333 2721 370 2773 Ι)ί
434 2726 467 2775 14
484 2700 676 2776 confideretis
689 2724 714 2772 D
778 2722 810 2773 15
827 2719 899 2772 Num
916 2719 938 2772 [i
955 2721 980 2771 D
997 2719 1060 2772 Nun

1 2790 2 2867 j
85 2787 151 2840 nn
169 2807 245 2843 nune
263 2791 285 2842 n
307 2790 357 2842 mr
409 2793 440 2843 ie
457 2790 563 2844 urasnr
580 2788 617 2840 rt
632 2788 636 2855 ι
649 2775 774 2855 inquam
791 2787 830 2838 12¹
848 2786 914 2854 iseo
933 2785 962 2853 (u
974 2785 1022 2856 er.)
1039 2789 1063 2838 r

155 2895 189 2944 1⁷
210 2892 313 2946 uindie.
337 2911 368 2946 ω,
389 2869 508 2944 {eburno
527 2891 581 2959 (pr.
600 2891 635 2958 e.)
654 2891 680 2942 Ε
767 2889 799 2941 18
821 2888 971 2941 inueeiliul
992 2888 1059 2940 ΤΕ1

1 3012 3 3022 ζ
85 2959 260 3028 Impeeillius
278 2959 304 3010 E
325 2958 330 3026 Ι
349 2960 453 3012 homini
471 2959 497 3010 Ε
516 2957 521 3025 l
540 2961 684 3026 repperire
706 2957 778 3009 ΤΕΕ
795 2973 854 3024 rep.
872 2958 901 3008 K
968 2960 1002 3022 20
1019 2959 1061 3008 in-

1 3032 3 3050 '
84 3029 179 3090 troitus
206 3029 235 3080 K
337 3031 370 3081 23
397 3028 522 3080 exserere
553 3028 628 3079 TDK
666 3040 796 3078 exercere
823 3026 850 3077 Ε
875 3023 885 3091 l,
910 3025 1060 3094 quidquem

1 3092 2 3122 ³
91 3095 191 3148 WB
209 3097 300 3163 quicq.
319 3095 348 3147 K
416 3098 451 3148 24
468 3094 615 3149 ehoerentd
636 3093 685 3146 ΤΚ
752 3096 786 3147 25
804 3089 950 3147 emmoueb
968 3095 998 3144 K

1 3153 3 3216 i

112 3195 241 3265 inarum]
262 3199 402 3250 Zenonem:
420 3200 473 3250 uid.
485 3198 562 3266 Diop.
581 3197 674 3251 Laert.
693 3197 717 3249 d
735 3198 770 3248 27
784 3194 789 3264 Ι
805 3171 936 3260 tyrannis
950 3195 975 3245 D
990 3191 995 3258 Ι
1010 3163 1060 3260 pist·

112 3271 162 3318 iret
178 3269 204 3317 D
273 3268 305 3318 31
325 3266 420 3318 facere
438 3266 552 3332 quilque
570 3283 592 3316 ω
610 3266 752 3331 quisquam
770 3265 865 3316 nociati
931 3264 964 3314 32
981 3259 1058 3328 But]

3 3318 8 3361 s
57 3395 59 3400 ¹
112 3351 189 3388 cneco
205 3336 287 3387 Here.
307 3335 393 3387 [488
408 3333 412 3400 Ι
427 3335 581 3400 accipimus
597 3333 698 3385 T¹DK
721 3330 877 3398 accepimus
890 3330 916 3382 Ε
967 3331 1000 3381 33
1019 3346 1060 3382 er-

2 3491 9 3564 'l

5 3598 8 3630 l

4 3631 14 3695 l

8 3698 15 3770 l

4 3809 13 3887 l

120 3437 150 3489 tle
168 3438 197 3488 K
288 3439 322 3489 34
339 3436 452 3502 regulos
473 3435 510 3488 Τ1
530 3435 534 3502 Ι
554 3409 652 3505 ceptq⁰i
672 3434 724 3502 (pr.
742 3434 776 3498 e.)
800 3433 824 3482 D
911 3433 943 3484 35
965 3431 1061 3483 uincla.

120 3505 193 3557 DKA
216 3503 331 3558 uincula
349 3504 374 3554 E
