2388 3910
3 189 20 256 p.
361 166 654 222 CONSOLATIONIS
680 169 723 222 111
982 169 1022 234 57

56 346 167 400 natura
189 339 331 420 pecunia,
355 338 458 400 uthis
480 357 496 400 a
518 337 629 419 quibus
656 340 826 420 possidetur
846 343 952 404 inuitis
973 359 1025 403 ne·

3 443 5 506 j
53 432 145 503 queat
162 425 287 486 auferri.
318 423 441 494 Fateor,
465 424 596 505 inquam.
612 457 653 470 -
676 423 786 495 Quidni
806 427 935 497 fateare,
958 444 1026 489 cum

3 565 4 574 ,
54 526 119 570 eam
159 509 284 572 cottidie
319 507 467 572 ualentior
502 507 610 589 aliquis
640 511 747 590 eripiat
777 511 892 574 inuito?
946 511 1025 573 uude

3 585 5 668 ξ
53 595 134 655 euim
158 596 296 657 forenses
317 595 522 675 querimoniae
546 596 606 658 uisi
628 595 707 676 quod
731 596 779 658 uei
801 599 832 660 ui
855 596 905 660 uel
919 596 1025 659 fraude

3 675 6 758 ξ
51 679 228 742 nolentibus
255 682 400 761 pecuniae
428 687 605 759 repetuntur
633 681 775 760 ereptae?
822 682 867 742 lta
893 690 954 752 est,
977 685 1063 747 ines

50 782 152 844 quam.
197 764 307 846 Egebit
332 766 443 844 igitur,
472 766 585 844 inquit,
609 768 797 830 extrinsecus
818 769 915 850 petito
936 785 1023 848 prae-

51 849 128 914 sidio
165 870 225 932 quo
257 868 342 912 suam
369 851 527 934 pecuniam
553 853 681 933 quisque
709 857 835 914 tueatur.
881 850 954 923 Quis
980 851 1022 921 id,

2 959 3 977 ³
50 937 193 1018 inquam,
222 936 330 1016 neget?
356 937 515 1018 -Atqui
542 954 604 1000 uon
631 945 735 1018 egeret
763 956 814 1009 eo,
843 937 902 999 uisi
928 939 1024 1016 possi·

2 1073 3 1082 ,
51 1021 136 1082 deret
165 1024 325 1101 pecuniam
359 1039 448 1102 quam
475 1022 572 1103 possit
599 1023 745 1086 amittere.
794 1021 948 1092 Dubitari,
976 1023 1022 1084 iu·

2 1141 3 1146 κ
50 1124 156 1186 quam,
190 1108 308 1188 nequit.
340 1139 384 1152 -—
414 1106 451 1170 ln
482 1108 666 1173 eontrarium
697 1110 790 1190 igitur
822 1107 939 1190 relapsa
973 1125 1061 1172 reso

2 1271 3 1276 ἵ
53 1198 111 1254 est:
135 1210 208 1255 nem
230 1211 306 1274 quae
328 1192 510 1254 sufficientes
532 1191 591 1254 sihi
614 1195 714 1256 iacere
734 1191 917 1276 putabantur
939 1208 1022 1274 opes,

1 1348 2 1355 p
54 1274 163 1342 alieno
176 1279 278 1358 potius
299 1277 450 1359 praesidio
471 1277 586 1341 iaciunt
607 1279 786 1358 indigentes.
825 1280 899 1348 Quis
921 1283 1022 1344 autern

50 1362 158 1426 modus
180 1370 307 1444 estque
328 1361 457 1442 pellatur
479 1362 595 1426 diuitiis
617 1362 802 1444 indigentia?
845 1380 918 1424 uum
942 1364 1022 1424 enim

1 1457 2 1499 3
52 1448 163 1510 diuites
185 1451 302 1512 esurire
325 1448 495 1530 nequeunti
516 1466 589 1512 num
604 1451 689 1511 sitire
704 1467 764 1512 nou
785 1447 929 1530 possunt?
951 1464 1022 1513 uum

1 1532 2 1612 ξ
52 1533 146 1612 frigus
172 1533 333 1598 hibernum
361 1534 593 1616 pecuniosorum
621 1533 756 1598 membra
784 1551 843 1598 nou
871 1532 1062 1595 sentiuntid

54 1617 109 1684 Sed
133 1618 237 1690 adest,
259 1619 393 1699 inquies,
416 1617 581 1698 opulentiS,
604 1637 663 1702 quo
685 1621 795 1682 samem
817 1619 936 1688 satient,
963 1634 1022 1698 quo

54 1703 134 1768 sitim
170 1704 323 1785 frigusque
357 1702 517 1784 depellant.
572 1704 631 1767 Sed
663 1705 720 1768 hoo
752 1703 841 1766 modo
873 1703 1023 1767 consolari

54 1789 177 1872 quidem
200 1789 314 1852 diuitiis
341 1789 506 1868 indigentia
532 1797 647 1871 potest,
676 1791 788 1854 auferri
815 1790 935 1869 penitus
962 1805 1022 1850 nou

1 1884 2 1957 ζ
53 1882 161 1954 potest.
206 1876 324 1940 namsi
358 1874 432 1938 haee
455 1875 542 1936 hians
569 1893 689 1953 semper
716 1882 805 1955 atque
834 1873 948 1956 aliquid
970 1891 1022 1956 po·

1 1983 2 2030 ς
56 1976 141 2023 scens
166 1961 273 2042 opibus
296 1960 446 2040 expietur,
470 1969 589 2022 maneat
611 1979 733 2024 neeesse
762 1969 809 2022 est
830 1978 907 2040 quae
929 1961 1061 2041 possitae

1 2104 2 2129 p
56 2045 180 2128 expleri.
231 2055 316 2107 taoeo
345 2044 424 2126 quod
453 2053 577 2108 naturae
606 2047 780 2118 minimum,
816 2043 895 2126 quod
924 2046 1021 2107 auari-

1 2141 2 2198 3
57 2133 113 2192 tiae
135 2129 215 2192 nihil
232 2131 306 2196 satis
320 2136 374 2193 est.
405 2128 503 2202 Quare
525 2132 552 2192 si
575 2149 648 2212 opes
661 2149 717 2195 neo
740 2146 932 2195 summouere
953 2148 1021 2209 pos·

1 2223 2 2282 ἶ
58 2224 124 2280 sunt
146 2216 344 2296 indigentiam
367 2223 399 2278 et
420 2216 503 2295 ipsae
524 2234 609 2279 suam
628 2217 760 2290 iaciunt,
784 2213 856 2297 quid
878 2213 1021 2296 estquod

1 2309 2 2336 ³
55 2317 103 2364 eas
124 2302 341 2366 sufficientiam
364 2307 518 2381 praestare
541 2300 689 2363 credatis?

1 2445 2 2524 ἶ
55 2451 93 2516 ΙΙΙ
136 2453 283 2526 Quamuis
304 2453 416 2516 fluente
438 2453 525 2516 dines
547 2455 613 2514 auri
635 2455 754 2533 gurgite

1 2559 2 2580 ÷
206 2539 273 2602 Non
296 2539 466 2621 expleturas
488 2546 575 2618 rogat
595 2557 705 2601 auarus
727 2557 800 2620 opes

120 2727 155 2779 82
174 2725 278 2790 Quinui
298 2725 322 2776 Τ
406 2727 439 2779 33
458 2724 574 2777 oottidie
595 2725 641 2776 ΤΒ
668 2723 770 2776 cotidie
788 2721 861 2790 ΕΚΙ
880 2722 981 2784 Unnde
1001 2723 1025 2774 Τ

1 2804 2 2838 3
119 2795 155 2846 34
173 2794 246 2845 enim
263 2810 311 2846 om.
328 2791 374 2855 ΕΙ
390 2792 565 2845 forenuerr
646 2795 680 2845 35
697 2792 853 2858 peeonuiee
870 2793 896 2842 D
924 2805 1022 2856 peoou·
1109 2805 1112 2812 ·

1 2910 2 2926 ,
56 2861 116 2916 niee
137 2857 180 2930 ΤΙ
195 2861 372 2930 eerepteeY
437 2863 471 2914 36
487 2860 591 2926 inquod
608 2860 637 2912 K
642 2860 650 2892 ¹
680 2859 778 2925 inquid
794 2859 840 2910 11²
908 2860 941 2913 37
958 2875 1023 2925 peo-

1 2955 3 3034 3
57 2963 207 3018 cunumr
254 2965 333 3020 eree
352 2961 462 3026 quun
479 2961 681 3028 sequanmur
701 2960 732 3012 ra
750 2961 836 3016 oua
887 2962 921 3014 as
938 2943 1023 3028 ”egee

1 3089 2 3097 ἵ
58 3029 98 3128 (qi.
116 3032 151 3096 o.)
169 3033 194 3083 D
263 3033 296 3084 39
313 3029 396 3132 poqsut
414 3047 435 3081 ω
452 3029 622 3132 ῃοῐΐοιιΑΝΡ
636 3026 641 3094 l
657 3029 813 3113 ammittere
830 3027 878 3097 K}
893 3031 1021 3083 dubitare

1 3179 2 3182 Ὗ
106 3166 364 3234 1

1 3274 2 3279 ’
106 3286 176 3327 soen.
194 3270 219 3320 E
303 3272 338 3322 49
361 3269 470 3322 iiheeo
486 3285 535 3322 om.
555 3266 591 3322 Τί
618 3267 623 3335 Ι
650 3244 746 3336 ροΐοῖΐ
758 3268 788 3321 Κ
872 3271 906 3320 50
922 3267 1022 3334 opibus

101 3375 106 3391 .
129 3337 256 3406 expletur
278 3341 309 3395 oi.
331 3340 449 3392 Volliner
535 3339 569 3390 fi3
586 3337 696 3407 potsunt
712 3336 939 3404 indigentiam?
965 3334 1021 3390 ind.

103 3405 365 3475 '.EKD?lipieD

120 3509 153 3562 o.
171 3507 227 3575 111]
263 3511 278 3560 2
297 3507 402 3576 sogpor
420 3508 454 3576 (re
471 3507 519 3577 er.)
538 3511 564 3562 a
