2458 3912
212 165 254 229 14
558 160 833 215 ruinosornrun

211 357 294 409 rum,
318 335 398 417 quod
421 337 452 396 in
475 333 615 396 omnibus
637 333 770 411 negotiis
797 331 942 394 maximas
969 333 1053 392 uires
1076 331 1172 402 hahet,

171 441 196 480 os
210 425 253 488 uti
275 421 419 484 licuisset.
451 419 526 482 Nam
549 436 625 500 quae
648 417 763 498 sperari
783 417 897 497 reliqua
918 416 1042 478 libertas
1063 419 1173 497 potestt

209 511 305 588 Atque
328 505 440 568 utinam
469 510 571 585 posset
598 502 671 566 ulla!
714 501 947 581 Respondissem
970 502 1055 564 Canii
1075 501 1172 572 uerbo,

210 594 261 674 qui
284 609 353 653 oum
375 609 392 652 a
415 590 489 651 Gaio
505 589 632 652 Caesare
648 587 820 650 Germanici
841 587 904 654 silio
919 589 1058 650 conscius
1076 596 1173 649 contra

210 696 241 740 se
257 678 354 738 factae
370 675 586 737 coniurationis
607 674 700 734 tuisse
718 673 885 734 diceretur:
909 672 965 744 „Si
985 691 1049 752 ego,
1073 674 1171 752 inquit,
1200 741 1201 746 ἵ

209 764 348 832 scissem,
372 768 406 823 tu
420 761 599 821 nescisses‘.
630 757 693 829 Qua
710 758 739 819 in
755 776 789 818 re
804 775 865 819 non
886 760 928 820 ita
943 776 1049 820 sensus
1064 764 1173 818 nostros

170 866 196 905 eo
209 864 330 909 maeror
351 845 522 915 hebetauit,
552 852 585 906 ut
607 845 717 922 impios
739 843 884 906 scelerata
911 850 1016 904 contra
1038 845 1172 904 uirtutem

210 949 321 1014 querar
349 930 484 1000 molitos,
516 930 569 990 sed
598 947 674 1008 quae
704 931 895 1009 sperauerint
928 928 1063 990 effecisse
1091 927 1172 990 uehe

208 1025 328 1078 menter
362 1017 514 1078 ammiror.
565 1013 640 1076 Nam
673 1013 825 1075 deteriora
858 1012 937 1075 uelle'
968 1013 1065 1074 nostri
1092 1013 1173 1074 tuerit

209 1103 338 1164 tortasse
361 1100 512 1170 deiectae,
536 1116 623 1178 posse
648 1106 752 1161 contra
776 1101 995 1168 innocentiam,
1019 1117 1095 1179 quae
1117 1116 1170 1160 soe·

209 1187 324 1247 leratus
356 1187 485 1266 quisque
519 1187 696 1264 conceperit
728 1187 916 1264 inspectante
950 1184 1023 1254 deo,
1055 1183 1171 1246 monstri

173 1271 309 1332 sisimile
332 1278 388 1332 est.
425 1270 508 1332 Vnde
530 1267 610 1331 haud
632 1270 743 1331 iniuria
764 1277 887 1331 tuorum
909 1269 1032 1349 quidam
1054 1268 1171 1330 familia·

208 1358 289 1420 rium
305 1357 469 1436 quaesiuit:
487 1353 541 1426 „st
558 1355 678 1436 quidem
694 1354 777 1426 deus,
794 1357 902 1436 inquit,
919 1361 975 1424 est,
991 1354 1073 1416 unde
1088 1352 1171 1416 malai

209 1441 287 1503 bona
311 1459 385 1501 uero
406 1441 503 1509 unde,
528 1441 553 1501 si
569 1457 629 1501 non
651 1439 744 1500 estt“
788 1439 847 1500 Sed
869 1440 914 1500 ias
936 1440 1029 1500 suerit
1049 1439 1171 1502 nefarios

209 1526 349 1587 homines
371 1527 424 1605 qui
454 1523 601 1586 bonorum
631 1527 766 1586 omnium
788 1526 940 1604 totiusque
968 1532 1092 1586 senatus
1112 1541 1168 1586 san·

209 1611 333 1688 guinem
355 1615 478 1689 petunt,
505 1627 560 1670 nos
583 1613 673 1672 etiam
701 1628 776 1690 quos
803 1627 996 1690 propugnare
1022 1608 1109 1670 bonis
1132 1625 1170 1670 se·

158 1715 196 1755 100
209 1696 353 1775 natuique
385 1692 539 1765 uiderant,
570 1694 726 1775 perditum
753 1697 798 1756 ire
827 1695 967 1757 uoluisse.
1021 1694 1083 1755 Sed
1110 1709 1168 1754 nun

209 1780 290 1841 idem
312 1779 349 1840 de
377 1778 515 1857 patribus
543 1794 663 1860 quoque
691 1779 903 1843 merebamur?
945 1779 1124 1851 Meministi,
1144 1784 1171 1837 ut

209 1866 332 1943 opinor,
356 1867 497 1945 quoniam
525 1883 573 1926 me
597 1866 748 1927 dicturum
777 1866 849 1946 quid
876 1866 1068 1928 facturumue
1096 1881 1169 1944 prae·

210 1967 279 2011 sens
301 1968 421 2029 semper
443 1952 508 2029 ipsa
531 1949 697 2029 dirigebas,
724 1953 904 2022 meministi,
928 1953 1065 2032 inquam,
1090 1949 1169 2010 Vero·

209 2052 266 2097 nae
290 2051 358 2095 cum
379 2053 432 2096 rex
455 2035 564 2097 auidus
579 2037 664 2098 exitii
685 2038 853 2100 communis
873 2037 1042 2098 maiestatis
1064 2037 1168 2098 crimen

158 2139 196 2180 105
210 2121 242 2182 in
265 2119 407 2181 Albinum
429 2119 544 2182 delatae
567 2121 604 2182 ad
627 2128 770 2183 cunctum
786 2129 907 2184 senatus
922 2121 1060 2185 ordinem
1084 2130 1168 2182 trans·

209 2207 291 2268 terre
320 2204 492 2277 moliretur,
521 2208 659 2268 uniuersi
686 2208 892 2270 innocentiam
920 2213 1042 2268 senatus
1071 2211 1167 2288 quanta

209 2292 269 2350 mei
291 2287 421 2368 periculi
444 2294 606 2353 securitate
635 2291 833 2353 defenderim.
880 2291 947 2353 Scis
969 2309 1017 2352 me
1046 2291 1121 2353 haec
1143 2295 1168 2348 et

208 2393 282 2435 uera
306 2375 445 2454 proferre
468 2384 497 2436 et
520 2378 553 2437 in
575 2376 656 2438 nulla
678 2395 819 2458 umquam
842 2378 903 2438 mei
930 2377 1018 2440 laude
1041 2378 1165 2438 iactasse.

207 2458 316 2520 Minuit
345 2461 426 2520 enim
454 2460 584 2539 quodam
611 2462 700 2524 modo
728 2481 760 2523 se
789 2461 947 2542 probantis
975 2462 1167 2524 conscientiae

156 2564 195 2604 110
208 2550 373 2613 secretum,
398 2547 537 2624 quotiens
565 2547 741 2608 ostentando
764 2551 832 2625 quis
859 2548 971 2609 iactum
1002 2549 1113 2628 recipit
1132 2545 1167 2606 ia·

275 2832 308 2883 85
326 2847 390 2882 nam
408 2829 491 2899 quae]
512 2846 599 2899 namq3
622 2831 692 2884 T1K
759 2834 793 2886 86
811 2833 946 2900 resspond
965 2833 991 2885 Ε
1014 2827 1166 2901 rosponditte'

208 2897 233 2963 (ὃ
251 2901 278 2949 in
295 2899 363 2965 ras.)
384 2900 408 2949 T
419 2898 534 2966 thnii]
553 2918 578 2951 u.
596 2917 678 2968 supro
696 2901 749 2952 III
768 2905 802 2954 30
853 2903 887 2954 87
905 2902 988 2970 ageio
1008 2920 1029 2954 ω
1085 2901 1165 2953 sain-

207 2965 273 3032 quid
291 2967 316 3016 E
390 2969 599 3021 senectutem
670 2971 704 3022 90
722 2985 811 3022 meror
833 2971 856 3021 T
876 2970 880 3032 Ι
904 2971 1046 3023 habitauit
1065 2968 1101 3020 1·ι

207 3070 238 3120 91
258 3068 303 3119 tad
320 3082 367 3119 om.
385 3069 411 3120 Ε
479 3073 512 3124 93
531 3036 669 3122 deffeetus
682 3071 710 3121 K
778 3075 811 3124 95
829 3039 883 3126 iud
900 3076 970 3129 ato.
990 3073 1019 3124 K
1032 3069 1038 3138 Ι
1054 3063 1164 3139 quidem]

206 3137 345 3203 Epicurus.
365 3139 417 3190 uid.
436 3137 595 3190 Sitomannuc
680 3141 713 3190 96
731 3140 869 3204 inquidE
954 3143 987 3194 ot
1006 3156 1073 3193 nero
1091 3155 1112 3191 ro
1149 3151 1166 3186 o

206 3206 231 3256 Α
303 3206 352 3256 104
369 3206 543 3272 magisteriis
556 3207 582 3258 E
651 3209 701 3259 too
717 3207 841 3260 deletum
859 3211 884 3262 E
908 3205 1002 3262 dolato
1020 3203 1049 3275 (ἦ
1066 3211 1113 3260 iar
1149 3202 1164 3268 ·)

210 3271 246 3324 Τ2
274 3273 368 3324 delata
385 3273 415 3325 K
442 3275 554 3327 delatae
578 3275 624 3325 ΟΒ
641 3271 648 3340 Ι
667 3277 747 3328 aerbo
768 3277 891 3332 ordinem
912 3294 991 3346 usque
1010 3279 1047 3330 ad
1067 3280 1117 3330 ten*¹
1149 3285 1165 3322 tt

93 3397 100 3410 ·
205 3389 227 3425 c.
245 3377 306 3428 odd.
321 3392 365 3442 pr.
382 3375 412 3426 K
502 3377 618 3428 106107
642 3382 748 3443 quauta
769 3361 825 3430 mei
844 3381 991 3434 securitate
1014 3376 1113 3446 perient
1149 3371 1165 3421 K

171 3528 176 3535 ι
206 3445 405 3560 ᾱαῃᾶζθῖΚιωθί
431 3443 550 3510 periculi
579 3445 627 3496 ΤΕ
660 3446 778 3511 periculi
804 3449 860 3499 mei
887 3452 909 3502 A
1012 3450 1062 3500 110
1087 3445 1121 3497 cir
1148 3455 1165 3489 t·
