2388 3910
169 171 211 238 33
441 133 443 147 '
516 169 794 226 rmuosorumn

128 377 135 416 ;
170 344 262 407 credo
286 343 481 422 indigentiam
504 343 592 422 copia
614 344 770 423 quaeritis.
816 342 901 422 atqui
922 340 980 402 hoc
1002 333 1087 404 uobis
1105 344 1133 404 iu

170 429 356 494 contrarium
391 428 482 490 cedit.
531 426 671 508 pluribus
699 427 809 508 quippe
843 425 1043 492 amminiculis
1069 445 1133 506 opus

168 523 217 580 est
230 515 269 578 ad
282 513 425 579 tuendam
439 514 591 592 pretiosae
606 512 801 594 supellectilis
815 513 1006 578 uarietatem:
1024 529 1133 574 uerum·

171 619 234 682 que.
251 598 326 662 illud
350 607 395 662 est
416 599 581 678 permultis.
595 617 649 660 eos
668 599 806 678 indigere
829 600 882 678 qui
902 597 1056 678 permunita
1074 615 1132 676 pos·

131 703 156 745 oe
170 685 290 750 sitleam
320 692 484 766 contraque
524 684 680 750 minimum
701 685 780 765 qui.
809 681 1025 746 abundantiam
1061 699 1133 746 suan

170 777 294 838 naturae
316 770 495 832 necessitate
518 789 578 832 non
601 769 733 833 ambitus
747 768 957 849 superfluitate
971 769 1132 832 metiantur.

170 857 255 918 itane
277 862 378 918 autem
401 854 517 917 nullum
540 863 585 917 est
607 855 761 936 proprium
792 853 879 918 uobis
901 863 990 934 atque
1018 852 1131 916 insitum

169 940 297 1012 honum,
321 941 409 1003 utin
431 943 566 1002 externis
593 957 628 1003 ae
651 941 793 1020 sepositis
820 939 912 1002 rebus
941 939 1020 1004 hona
1042 948 1133 1000 uestra

169 1026 339 1107 quaeratis?
384 1027 429 1087 sio
456 1043 559 1091 rerum
585 1045 672 1088 uersa
694 1025 833 1090 condicio
855 1033 915 1094 est,
945 1031 982 1088 ut
1005 1024 1133 1090 diuinum

130 1128 156 1170 ro
170 1113 279 1174 merito
304 1111 433 1174 rationis
460 1110 569 1174 animal
597 1130 658 1174 nou
689 1111 774 1176 aliter
808 1108 872 1174 sibi.
896 1109 1055 1189 splendere
1082 1109 1132 1174 uiti

168 1197 349 1259 inanimatae
378 1195 572 1276 supellectilis
602 1198 794 1277 possessione
823 1195 982 1258 uideatur?
1026 1193 1063 1258 m
1084 1195 1134 1258 alia

169 1280 293 1362 quidem
316 1282 382 1344 suis
401 1287 541 1344 contenta
563 1289 647 1353 stunt,
670 1299 726 1344 uos
748 1287 849 1344 autem
872 1281 928 1342 deo
946 1288 1048 1342 mente
1070 1298 1132 1342 eon·

169 1365 284 1428 similes
306 1365 343 1427 ab
366 1364 458 1430 rebus
480 1367 594 1429 infimis
616 1367 793 1430 excelientis
814 1374 941 1428 naturae
964 1373 1133 1428 ornamenta

168 1455 297 1530 captatis
319 1469 375 1514 nec
398 1451 574 1532 intellegitis
596 1459 737 1533 quantam
755 1452 904 1515 conditori
926 1459 1031 1514 uestro
1052 1451 1133 1512 faeie·

130 1551 155 1596 u
169 1539 211 1599 tis
238 1538 392 1598 iniuriam.
445 1537 495 1600 ille
523 1554 619 1614 genus
647 1538 810 1600 humanum
844 1539 978 1602 terrenis
1004 1535 1132 1602 omnibus

172 1629 328 1702 praestare
349 1620 458 1692 uoluit,
487 1640 542 1686 uos
570 1619 748 1702 dignitatem
775 1629 917 1686 uestram
936 1623 1015 1689 infra
1042 1622 1132 1685 infima

169 1723 306 1786 quaeque
329 1704 507 1770 detruditis.
545 1705 620 1771 Nem
643 1710 669 1770 si
691 1727 780 1772 omue
801 1710 949 1788 cuiusque
971 1707 1083 1772 bonum
1101 1724 1130 1768 eo

171 1789 258 1854 cuius
279 1797 328 1854 est
347 1797 463 1853 constat
486 1810 555 1854 esse
572 1795 752 1871 pretiosius,
776 1811 844 1856 eum
867 1793 1018 1859 uilissima
1039 1809 1131 1861 rerum

168 1882 271 1941 uestra
293 1875 372 1938 bona
395 1876 635 1948 esseiudicatis,
659 1878 775 1940 eisdem
797 1885 917 1941 uosmet
937 1880 1022 1957 ipsos
1035 1883 1132 1948 ‚uestra
1183 1874 1184 1877 ’

128 1977 155 2019 so
169 1959 388 2024 existimatione
411 1963 611 2033 summittitis,
641 1964 718 2044 quod
747 1963 869 2045 quidem
897 1963 976 2026 haud
999 1963 1131 2028 inmerito

146 2045 259 2108 cadit
305 2046 463 2112 Humanae.
480 2049 592 2128 quippe
620 2057 744 2112 naturae
773 2051 831 2110 ista
858 2049 998 2112 condicio
1022 2056 1078 2118 est,
1104 2054 1131 2108 ut

168 2137 235 2194 tum
256 2137 371 2194 tantum
394 2134 505 2194 ceteris
527 2133 635 2205 rebus,
659 2152 727 2196 cum
750 2153 782 2196 se
804 2135 974 2212 cognoscit,
1006 2133 1128 2200 excellat

167 2215 275 2280 eedem
293 2226 397 2280 tamen
416 2217 494 2280 irdra
522 2217 637 2282 bestias
663 2218 834 2298 redigatur,
863 2220 890 2282 si
917 2235 949 2280 se
979 2237 1073 2282 nosse
1086 2218 1129 2281 de·

168 2301 264 2364 sterit.
307 2319 377 2364 nem
403 2304 513 2365 ceteris
536 2303 738 2368 animantibus
761 2323 829 2366 sese
849 2305 992 2383 ignorare
1014 2313 1128 2368 naturae

128 2399 155 2442 es
168 2393 228 2454 est,
250 2385 423 2462 dominibus
446 2389 522 2450 uitio
543 2391 637 2452 uenit.
682 2388 777 2462 Quam
800 2407 874 2450 uero
896 2389 955 2454 late
978 2395 1061 2469 patet
1083 2407 1128 2449 ue·

145 2476 230 2530 ster
262 2470 311 2532 hic
348 2489 435 2532 error
468 2474 520 2552 qui
553 2476 657 2536 ornari
688 2493 778 2554 posse
809 2474 922 2555 aliquid
952 2474 1127 2540 ornamentis

114 2729 139 2778 B
234 2723 266 2775 62
286 2722 388 2776 admin.
406 2723 431 2774 Ε
499 2726 584 2780 stes
602 2725 672 2793 opus
687 2725 739 2796 eit]
759 2729 816 2781 diuo
833 2731 858 2782 D
876 2731 975 2784 tranunt
990 2733 1068 2794 capit.

166 2827 200 2876 ee
218 2786 379 2892 rediscens
388 2823 452 2892 (aa.
463 2827 497 2889 ο.)
511 2827 727 2894 stuperatem
736 2828 772 2881 o1
785 2829 1027 2898 supputemus
1042 2827 1129 2898 reml-

126 2892 195 2961 vld
270 2893 303 2946 65
320 2909 430 2946 mimum
448 2895 473 2945 D
488 2893 493 2960 Ι
508 2895 584 2948 sunm
601 2913 649 2953 om.
666 2896 708 2950 131
786 2901 819 2952 89
838 2898 966 2954 eondioio
984 2899 1040 2951 ΒΚ
1102 2897 1129 2949 ll

165 2958 279 3025 suppell.
298 2960 325 3010 li
394 2963 427 3015 ‘13
446 2963 480 3014 ab
502 2963 578 3016 TEK
596 2967 669 3017 ali?
732 2968 765 3017 74
782 2983 835 3020 neo
852 2984 874 3019 ro
938 2970 971 3020 ‘15
989 2968 1131 3018 humanum

166 3029 282 3080 terrenis
299 3028 338 3078 hir
354 3032 477 3096 scriptum
494 3039 553 3083 erat
570 3034 595 3083 D
669 3035 703 3085 'l'l
721 3051 801 3086 omne
820 3034 893 3102 quod
911 3035 1041 3100 cuiusque
1061 3033 1129 3084 ΒΕΑ

166 3109 247 3147 omne
265 3095 394 3162 cuiusque
412 3097 470 3162 (om.
489 3099 573 3165 qtrod)
594 3101 645 3152 PK
728 3105 761 3153 i'l
779 3104 812 3154 ts
829 3104 930 3155 bonum
948 3119 982 3155 eo
1000 3103 1079 3155 cuius
1089 3098 1134 3151 rt

166 3161 268 3218 bonum
286 3165 348 3218 ideo
367 3165 479 3217 ouiuiD
495 3165 652 3233 bonumlleo
671 3170 750 3222 ouius
760 3170 780 3222 G
797 3172 898 3224 bonum
916 3171 954 3242 qd
973 3188 1005 3223 eo
1024 3168 1130 3222 euiuid

165 3229 267 3286 bonum
285 3233 357 3302 quod
376 3251 408 3286 eo
427 3234 505 3286 euiul
514 3233 639 3288 Obbarius
662 3237 763 3290 bonum
782 3237 889 3307 eltlleo
909 3238 987 3295 cuius
995 3239 1021 3292 Ε
1037 3240 1130 3294 bonurn

167 3297 207 3350 est
225 3318 258 3354 eo
277 3319 301 3357 o.
321 3301 354 3352 M
377 3303 477 3353 bonum
496 3301 535 3353 en
554 3303 589 3354 iio
606 3301 643 3370 (in
661 3306 755 3372 mg.'id
772 3311 806 3360 cl.
824 3307 900 3371 add.)
917 3309 942 3358 L
1020 3308 1052 3360 80
1070 3306 1129 3357 sum·

164 3367 263 3420 militis
277 3371 306 3422 K
321 3367 325 3436 Ι
340 3370 405 3425 inm.
427 3369 503 3421 TEK
574 3374 606 3424 81
626 3373 754 3428 condicio
773 3377 797 3426 D
875 3377 907 3428 81
926 3379 959 3430 82
978 3382 1009 3427 ut
1027 3381 1084 3428 tum
1100 3369 1131 3438 tl!

166 3434 214 3497 (air
233 3445 279 3488 aut
296 3439 339 3488 effi
357 3435 406 3503 er.)
425 3437 450 3488 E
530 3442 562 3492 82
582 3455 643 3492 cum
658 3457 702 3506 pr.
720 3459 754 3497 rs.
774 3445 799 3493 Ι)
879 3447 912 3499 83
930 3445 952 3497 li
970 3443 1025 3496 ieie
1044 3443 1069 3494 Ε

165 3503 199 3554 84
217 3505 250 3556 85
268 3510 386 3558 naturae
405 3507 444 3558 est
466 3507 536 3558 rud
551 3511 650 3560 nature
668 3509 708 3562 eit
726 3511 796 3562 Eli?
977 3531 979 3535 ·
