2458 3912
533 233 566 274 Xl

109 387 155 442 ubi
184 401 268 442 unum
301 386 451 443 alterumue
487 386 600 444 uerbum
634 401 791 462 expressum
820 403 834 442 a
860 387 979 444 Notlero
1012 390 1040 442 in

1 493 2 513 .
109 473 196 528 latino
219 471 362 545 exemplari
385 470 570 544 desideratur,
600 472 652 529 hoc
681 470 782 528 librarii
810 474 929 528 incuriae
958 470 1039 528 tribui

1 577 2 580 ¹
109 557 224 630 poterit.

1 646 2 652 '
110 657 169 714 Duo
206 665 347 732 praeterea
384 657 488 714 eadem
512 653 674 715 bibliotheca
710 655 833 732 possidet
870 659 1037 715 uetustiores

110 739 199 800 libros
221 757 249 799 n.
273 739 335 798 844
358 759 381 798 s.
405 738 471 798 vtttt
493 741 526 816 G..
537 741 641 799 Halmio
664 751 734 799 teste
762 741 819 814 (lile
841 742 945 799 alteren
966 741 1040 799 hdss.

113 827 163 882 der
197 826 243 882 lat.
272 823 468 883 llircbenvater
500 827 528 883 in
562 826 610 883 der
638 825 771 884 Schweiz.
801 827 829 883 in
856 823 1040 883 llelationibus

1 933 2 936 ¹
110 911 185 968 acad.
209 910 322 967 Vindob.
347 911 366 966 L
391 909 495 984 (1865)
524 929 550 986 p.
574 911 634 970 130
655 911 728 987 sqq.)
757 920 784 968 et
813 907 874 969 sta
905 928 928 972 s,
950 910 982 972 x,
1011 913 1040 967 in

1 999 2 1002 ’
112 995 202 1052 altero
225 993 350 1068 (eundem
374 1012 435 1052 esse
458 997 562 1068 dicunt,
585 1011 666 1071 quem
694 998 722 1052 in
745 995 820 1052 libris
843 995 875 1052 ab
898 993 1040 1052 llartmuto

79 1085 84 1092 '
110 1079 208 1137 abbate
230 1097 300 1137 anuo
316 1077 378 1138 872
401 1083 554 1155 conparatis
571 1082 708 1138 recensuit
723 1077 870 1156 Ratpertus
892 1096 933 1155 ap.
951 1080 1038 1136 Pertz.

112 1165 174 1220 titt.
204 1164 226 1221 ss
255 1161 293 1222 72
322 1164 377 1221 uid.
403 1162 573 1222 Weidmanni
603 1165 699 1222 Gescir.
729 1166 755 1222 d.
786 1162 957 1222 salita-bibl.
986 1179 1041 1222 von

111 1249 154 1307 St.
178 1247 272 1306 Gallen
294 1267 321 1324 p.
339 1245 411 1325 398)
427 1268 454 1324 p.
474 1245 556 1308 1-3
569 1249 763 1325 Hardeggerus
779 1244 927 1324 praefixum
948 1247 1041 1305 scribit

111 1335 204 1391 locum
233 1337 295 1407 „de
324 1337 516 1392 translatione
543 1339 658 1410 imperii
683 1331 821 1396 Romani,
859 1331 905 1409 qul
928 1333 1040 1407 incipit:

115 1416 237 1493 Oportet
252 1431 305 1476 nos
327 1431 466 1477 memores
488 1432 552 1477 esse
566 1435 642 1494 quoe
655 1421 690 1476 de
705 1417 836 1477 Romano
852 1421 971 1490 imperto
987 1426 1041 1473 etc.

110 1517 197 1578 quare
225 1503 288 1560 inde
316 1501 427 1560 linxisse
450 1503 644 1561 Notlrerianum
678 1512 784 1561 textum
822 1504 962 1577 suspicor,
997 1501 1042 1558 ubi

112 1588 206 1645 eadem
221 1587 368 1662 praemissa
383 1597 448 1644 sunt
464 1586 621 1662 (ilattemer.
635 1607 661 1663 p.
681 1589 718 1645 11
737 1585 785 1660 s'.);
809 1589 934 1662 sequitur
949 1584 1040 1644 breuis

109 1681 262 1730 metrorum
285 1673 419 1748 expositio
442 1691 469 1748 p.
492 1675 527 1743 63
556 1674 667 1748 plenum
696 1673 806 1730 titulum
834 1680 862 1729 et
884 1671 927 1728 hic
956 1671 1042 1728 codex
1078 1690 1081 1695 ·

109 1765 176 1832 post
198 1753 289 1814 lllltum
309 1755 409 1814 librum
423 1757 504 1816 habet
519 1773 579 1815 curn
596 1754 710 1815 solemni
729 1759 782 1814 isto
799 1771 892 1813 errore
903 1760 1040 1830 patricio.

110 1839 192 1899 Alter
212 1843 240 1898 in
263 1850 361 1917 quarto
384 1841 454 1898 libro
470 1841 577 1912 deficit3
601 1843 730 1900 adnexam
746 1841 827 1898 nabet
843 1843 1041 1916 expositionem

110 1925 320 1999 consolationis,
349 1929 376 1982 in
399 1941 452 2001 qua
475 1939 557 1984 uoces
581 1929 736 1985 teutonicae
766 1940 827 1984 cum
857 1927 884 1982 in
912 1933 1043 1982 contextu

115 2021 178 2069 tum
199 2011 271 2068 inter
293 2011 376 2068 lineas
399 2025 494 2068 arcana
509 2024 578 2088 quae
600 2013 723 2088 uolgaris
739 2019 797 2068 crat
819 2012 858 2067 eis
874 2009 1043 2084 temporibus

111 2098 250 2170 scriptura
270 2104 393 2152 exaratae
407 2106 481 2154 sunt.
497 2097 642 2171 descripsit
658 2096 881 2153 easHattemerus
896 2113 923 2169 p.
943 2094 1002 2152 602
1019 2113 1042 2149 s.
1108 2105 1111 2113 “

112 2180 307 2240 653458.
338 2179 394 2237 uid.
422 2183 502 2238 etiam
531 2179 625 2238 Grarnt
654 2177 875 2254 Sprocbsebata
903 2195 930 2252 p.
954 2178 1043 2233 XXXV

112 2275 143 2323 et
164 2267 326 2324 Dtuttscom
348 2265 370 2320 ll
392 2281 418 2340 p.
437 2266 508 2326 302,
545 2265 680 2340 Prologus
702 2265 810 2338 incipit:
843 2264 904 2320 Iste
922 2257 1043 2341 Boetius

113 2351 219 2409 constal
237 2351 297 2424 fuit
318 2351 516 2408 Romanulam
541 2347 719 2409 Tbaociotdeo
741 2351 817 2406 duee
839 2357 867 2404 et
890 2365 917 2422 q.
941 2362 963 2403 s.

66 2472 94 2528 B
111 2467 380 2544 bambergensis
403 2470 424 2541 1,
446 2471 569 2546 signatus
594 2465 623 2525 i.
641 2465 658 2528 7
675 2465 803 2523 =lllV
820 2459 850 2532 2,
873 2463 892 2522 i.
918 2461 1042 2524 1-5211

112 2572 138 2610 s.
153 2547 197 2610 xt.
227 2555 286 2629 ipse
309 2553 421 2610 contuli.
445 2553 594 2630 scripturae
617 2555 755 2629 specimen
777 2550 899 2610 exhibuit
921 2546 1043 2609 Jaeckius

112 2637 302 2696 Schril'ttaleln
316 2635 350 2694 lll
365 2637 384 2694 4
399 2652 426 2694 n.
442 2637 471 2696 8.

113 2757 223 2815 duobus
246 2757 293 2814 ille
308 2758 441 2815 columnis
465 2767 588 2816 exaratus
611 2765 654 2832 est
675 2755 926 2832 neglegentissime.
963 2755 983 2811 i.
1008 2755 1045 2810 1a

114 2846 191 2900 uitae
212 2843 288 2899 lllet
311 2842 322 2898 1
344 2852 372 2899 et
394 2852 520 2918 excerpta
550 2845 660 2918 quintae
689 2850 791 2898 extant.
821 2839 914 2896 lc.l
943 2840 982 2896 sic
1005 2849 1046 2896 est

114 2929 245 3002 scriptus,
268 2935 299 2984 ut
321 2927 445 2985 uersibus
467 2927 604 3002 inparibus
627 2928 747 2984 numeris
775 2927 889 3001 signatis
912 2924 1045 2982 subician-

114 3021 161 3069 tur
183 3013 231 3088 qui
253 3028 332 3087 pares
355 3029 485 3070 numeros
514 3012 627 3082 habent,
658 3012 730 3069 unde
756 3019 832 3086 patet
859 3011 1044 3066 hexametrum

119 3114 176 3156 oum
205 3106 377 3173 pentametro
405 3115 488 3154 unum
516 3098 637 3156 elieoisse
666 3114 776 3154 uersum
807 3097 834 3151 in
863 3111 896 3151 eo
919 3093 989 3150 libro
1013 3111 1045 3150 ex

124 3199 174 3238 ”uo
197 3183 241 3238 irio
264 3181 418 3256 descriptus
442 3192 492 3239 est.
527 3182 599 3239 idern
621 3199 699 3239 error
722 3181 820 3238 obuius
843 3188 885 3236 est
907 3181 935 3235 in
958 3179 1044 3235 altero

144 3268 196 3323 imi
218 3265 281 3323 libri
297 3269 426 3340 carmine,
449 3269 488 3324 sie
504 3277 593 3325 tamen
609 3274 640 3322 ut
662 3283 760 3322 uersus
778 3264 881 3322 1-21
897 3271 1046 3337 sequantur

124 3349 232 3424 2-22,
255 3348 307 3408 bos
330 3358 421 3409 autem
444 3353 577 3427 excipiant
599 3368 645 3409 uu.
669 3349 710 3408 23
727 3349 766 3407 24
783 3349 822 3408 25
847 3349 886 3406 26
910 3347 949 3404 27
972 3350 1045 3405 iusto

128 3436 228 3494 ›rdinez
251 3437 335 3510 igitur
358 3438 410 3494 ima
432 3439 460 3493 in
475 3439 573 3512 pagina
597 3436 716 3512 obpositi
739 3443 815 3492 erant
830 3449 877 3490 uu.
894 3427 933 3490 21
951 3442 978 3490 et
995 3432 1045 3506 22,

128 3538 163 3578 ·u.
188 3519 228 3580 23
245 3529 273 3578 et
288 3519 329 3576 24
351 3527 492 3596 sequentis
514 3524 629 3598 paginae
650 3523 678 3577 in
699 3523 788 3596 capite
811 3517 982 3594 legebantur.
1006 3519 1046 3574 ui·
