2458 3912
583 219 720 261 xxxxim

169 373 272 430 Fabric.
293 372 381 430 1408
399 372 430 428 lll
448 371 508 428 144
524 373 638 429 bulaeus
662 374 725 428 bist.
751 373 827 427 uuiu.
842 370 926 428 Paris.
965 371 1008 433 llll
1026 369 1088 428 173
1114 381 1145 427 et

170 457 230 514 742
254 457 323 513 Hist.
348 457 399 520 litt.
416 457 509 515 Franc.
526 457 570 512 Xll
585 455 647 514 454
670 455 793 512 llaurdau
809 458 836 512 in
853 457 1005 528 „liouvelle
1028 455 1145 530 biogra-

168 544 231 616 plde
254 541 403 618 generale“
424 550 444 598 t.
469 541 569 598 xxviii
605 541 717 598 Charma
738 541 834 597 Notice
860 541 1062 615 biographique
1086 549 1143 596 etc.

167 629 242 683 Paris
276 627 366 684 1857.
409 627 445 682 01
475 627 555 682 huius
585 627 636 682 uiri
659 626 810 682 doctissimi
839 627 1028 682 conmentario
1057 641 1144 698 quem

168 711 356 786 expilauerunt
387 711 523 766 inferioris
551 711 646 767 aetatis
679 710 804 785 plerique
837 714 942 784 primus
978 709 1145 783 ampliorem

167 797 292 852 notitiam
320 790 394 852 dedit
417 795 527 850 Carolus
550 794 684 851 Jordauus
713 795 773 867 (lies
796 795 1009 851 commentaires
1038 793 1145 850 inediis

167 881 200 937 de
223 880 254 937 G.
279 881 312 936 de
335 880 457 936 Concbes
481 877 563 934 etde
586 880 616 935 li.
634 880 743 936 'lriretb
766 896 814 936 sur
836 880 860 935 la
876 880 956 936 Cous.
982 879 1016 934 de
1040 879 1067 935 la
1091 877 1145 934 Pb.

166 967 240 1021 Paris
265 964 357 1036 1861)
387 982 413 1037 p.
438 964 541 1021 3—19
586 964 656 1032 (luas
685 981 716 1020 eu
738 963 872 1039 lipsiensi
901 963 971 1020 libro
991 963 1071 1019 Paul.
1114 981 1143 1018 1.

169 1050 249 1107 1345
274 1067 296 1104 e.
319 1048 375 1104 xiil
412 1047 543 1105 Obbarius
566 1067 592 1122 p.
617 1049 670 1104 llll
698 1059 725 1104 et
747 1065 773 1105 1.
802 1045 843 1104 21
866 1050 1010 1123 descripsit
1039 1051 1147 1122 plosas

167 1136 302 1208 Mopt'stri
324 1135 515 1204 Guillcbelmi,
545 1141 687 1207 excerptae
709 1143 773 1188 sunt
803 1150 834 1188 ex
857 1134 932 1189 illius
955 1149 1041 1207 opere
1064 1132 1146 1206 quod
1183 1133 1191 1144 '

167 1236 215 1292 per
236 1219 341 1274 saecula
364 1216 528 1274 celebratum
551 1226 609 1273 erat
637 1219 664 1273 in
693 1217 802 1274 subolis.
840 1217 899 1292 Ego
927 1217 1034 1291 inspexi
1065 1217 1146 1273 codi-

167 1319 224 1360 cem
249 1303 508 1358 Henriohouiensem
532 1319 555 1358 a.
582 1302 672 1359 1372.

252 1386 486 1443 Gislebertum
503 1387 542 1442 de
557 1388 702 1443 Porreta
718 1379 931 1444 consolationem
944 1403 1058 1460 quoque
1075 1403 1144 1442 esse

167 1473 372 1546 interpretatum
395 1471 516 1527 Suttneri
539 1480 581 1526 est
603 1473 759 1526 coniectura
782 1489 808 1544 p.
834 1471 874 1528 39
898 1471 959 1526 adn.
984 1472 1035 1528 60.

251 1555 414 1612 Nicolaus
437 1555 636 1610 'lreuethus
660 1555 764 1629 lugius
792 1555 1029 1628 (1258-1328)
1062 1571 1147 1628 prae·
1212 1559 1216 1566 '

166 1649 209 1696 ter
230 1639 332 1696 multos
360 1639 429 1695 alios
457 1649 488 1694 ut
510 1639 640 1696 Senecam
667 1649 770 1714 patrem
794 1649 821 1695 et
850 1643 985 1715 tragicum
1010 1641 1146 1696 Boetium

166 1741 276 1799 quoque
308 1725 501 1798 interpretatus
536 1731 579 1779 est
602 1767 607 1778 .
632 1723 686 1779 uid.
722 1723 856 1780 Oudinum
891 1725 921 1781 lll
958 1724 1020 1782 694
1056 1734 1147 1799 atque

165 1825 230 1882 prae
253 1811 350 1864 ceteris
375 1811 421 1882 qui
450 1809 483 1862 de
511 1808 559 1864 illo
582 1809 752 1881 scripserunt
773 1809 920 1865 lordanum
945 1828 972 1883 p.
999 1809 1146 1866 19-32,

166 1895 295 1966 Sequitur
318 1902 407 1949 autem
430 1892 558 1949 Willelmi
582 1893 746 1950 dedonchis
770 1896 900 1969 uestigia3
924 1894 1016 1952 laudat
1034 1893 1146 1950 Aliredi

165 1979 318 2034 versionem
341 1977 459 2049 (Jordan.
489 1995 515 2051 p.
542 1975 604 2050 21.)
648 1977 684 2034 En
707 1977 774 2034 libro
798 1978 832 2034 de
860 1979 1000 2053 disciplina
1030 1979 1148 2035 schola-

164 2065 233 2118 rium
257 2063 368 2118 Athenis
399 2062 482 2118 luisse
511 2069 649 2118 auctorem
678 2062 761 2118 refert
788 2062 835 2136 (ib.
864 2079 891 2138 p.
917 2061 985 2137 24),
1016 2081 1050 2120 ex
1076 2063 1149 2120 Fre·

165 2148 264 2222 culpho
287 2148 469 2204 narrationem
490 2146 524 2202 de
546 2147 604 2202 eius
627 2155 716 2202 morie
738 2149 839 2222 repetit
862 2146 897 2220 (p.
923 2146 984 2221 21).

249 2238 312 2287 Ant.
338 2231 502 2287 Posseuiuus
525 2232 678 2304 suspicatus
706 2240 749 2287 est
771 2232 938 2290 'lreuethum
961 2231 1069 2289 laboris
1094 2250 1148 2290 so-

164 2317 234 2372 cium
263 2319 290 2371 in
319 2313 521 2371 commentandis
544 2316 690 2389 Augustini
717 2316 751 2372 de
779 2317 888 2372 ciuitate
911 2317 954 2374 dei
982 2317 1062 2374 libris
1094 2318 1150 2376 ad·

164 2402 313 2473 sumpsisse
347 2399 395 2454 sibi
430 2385 586 2454 'lbomam
620 2399 774 2473 Walleys
809 2419 831 2456 s.
868 2401 1055 2476 Anglicum
1094 2405 1150 2478 qui

164 2485 262 2540 claruit
290 2483 322 2538 ab
350 2501 373 2538 a.
404 2483 494 2540 1332.
522 2484 579 2539 eius
604 2483 667 2539 olim
697 2483 889 2541 lectitabantur
910 2484 1083 2544 Moralitates
1114 2489 1150 2544 in

165 2569 305 2639 Ouidium,
331 2568 386 2624 uid.
409 2567 520 2624 Bulaeus
544 2567 616 2624 v35
639 2585 666 2641 p.
690 2567 752 2626 406
764 2569 893 2626 Oudinus
916 2570 1038 2630 111906.
1064 2573 1151 2628 eius·

164 2657 225 2712 dem
253 2661 341 2708 autem
373 2649 437 2727 (non
465 2651 645 2708 llaldonensis
668 2651 740 2708 illius
769 2653 801 2708 ab
825 2653 941 2711 Obbario
971 2656 1078 2712 laudati
1108 2659 1151 2714 de
1204 2647 1205 2650 ¹

164 2757 218 2815 quo
242 2739 351 2795 balaeus
377 2738 418 2792 Vll
442 2736 551 2808 569s.,
584 2737 651 2792 obiit
673 2744 761 2793 autem
787 2737 878 2812 1404)
909 2743 936 2794 in
961 2741 1151 2798 Consolatio-

163 2841 225 2880 nem
253 2838 364 2897 quoque
395 2831 468 2878 extat
495 2823 695 2877 conmentarius
729 2822 814 2895 uolgo
848 2824 997 2882 'llromae
1027 2829 1152 2900 Aqui-

164 2909 234 2963 nati
265 2905 294 2979 (†
320 2906 411 2982 1274)
442 2906 605 2978 adscriptus.
649 2905 729 2961 huius
758 2909 867 2963 nomine
896 2915 1007 2966 ueteres
1031 2909 1152 2967 Conso·

163 2993 273 3049 lationis
295 2991 429 3048 editiones
452 2990 582 3064 plurimae
610 2988 641 3043 ab
664 3006 687 3044 1.
713 2989 796 3048 1470
817 2992 850 3047 ad
875 2992 957 3052 1503
986 2994 1041 3051 hoo
1071 3012 1151 3052 con.

163 3086 285 3133 mentum
308 3076 407 3132 babent
435 3073 508 3148 quod
538 3075 617 3129 etiam
647 3083 711 3146 post
739 3076 933 3133 Ascensianum
967 3087 1052 3152 atque
1084 3097 1150 3136 una

163 3179 224 3220 cum
249 3161 301 3216 boc
323 3161 487 3235 aliquotiens
504 3159 630 3213 emissum
654 3167 695 3213 est
715 3175 804 3231 neque
828 3161 966 3219 exclusum
992 3163 1025 3219 ab
1042 3163 1121 3221 Sane

162 3249 282 3304 'ihomas
298 3244 426 3319 operibus
443 3260 558 3317 quorum
574 3244 601 3298 in
617 3243 659 3297 ed.
676 3245 867 3317 nniverpiensi
888 3246 993 3320 legitur
1017 3257 1037 3305 t.
1055 3249 1130 3305 xvu

161 3352 186 3389 1.
208 3333 238 3403 6,
258 3332 310 3386 boc
331 3337 419 3385 tamen
438 3329 497 3383 uiro
522 3328 663 3401 indignum
680 3337 845 3386 censuerunt
864 3328 989 3388 Oudinus
1002 3332 1048 3405 (lll
1061 3333 1122 3392 32P

161 3416 298 3474 labbaeus
327 3412 460 3482 Quetiiius
489 3412 549 3484 alii,
586 3419 672 3484 aetate
701 3411 858 3469 inferiorem
887 3429 919 3470 ex
949 3415 1042 3473 adlato
1074 3419 1113 3475 lot

161 3503 236 3559 Alani
261 3499 304 3578 (de
339 3499 450 3573 planctu
473 3498 596 3570 naturae)
618 3497 716 3553 iniuria
749 3500 925 3555 coniecerunt
948 3500 1075 3558 Vallinus
1109 3522 1126 3560 a
