2458 3912
468 185 624 254 xxxrvnn

63 360 180 425 quilibet
200 360 235 411 ad
254 361 326 412 hanc
345 360 496 412 lecciouem
514 359 647 428 accedere
666 375 721 410 uon
744 360 872 424 quiuerit.
890 359 1029 409 -Idem

17 469 20 512 ³.
66 445 96 494 iu
114 447 246 498 ceteris
270 461 292 496 s.
317 445 425 498 artibus
447 444 620 497 liberalibus.
644 469 677 482 -
696 427 793 496 ¹Haec
817 446 975 509 quaestio
999 453 1029 497 .e'.

17 519 19 546 ⁷
64 530 206 582 trinitatis.
229 530 428 582 -.'l'antum
451 529 594 582 facilior
617 530 715 580 debet
738 544 812 580 esse
837 529 876 580 ad
898 533 1030 580 ueniam

17 625 19 684 l
63 613 152 679 siquid
163 615 235 666 forte
249 615 379 666 omissum
391 621 442 667 eet.
462 620 489 666 et
501 614 552 666 hoe
570 615 652 664 dicit:
664 614 689 664 si
702 613 809 677 aliquid
828 629 973 680 perperam
991 615 1031 664 in-

65 707 162 752 cautus
182 699 279 750 dixero
309 699 395 750 facile
419 699 501 751 debes
529 699 675 764 indulgere
703 699 768 764 quia
797 714 842 749 res
865 697 1030 750 difficillima

64 788 113 837 est.
132 800 195 835 uam
215 786 291 836 etin
311 783 388 836 facili
406 785 524 836 materia
542 800 607 850 sspc
631 782 799 850 delinquitur
816 783 914 834 nedum
931 785 960 834 in
979 785 1029 834 dil-

17 867 19 934 ξ
66 867 218 933 fi(ci)llima.
237 895 271 906 -
289 870 489 921 Extulerint
511 869 682 934 protulerint.
702 895 734 905 -
758 869 975 932 Questiouem
997 870 1031 920 sb

65 959 159 1004 sancte
180 954 324 1006 trinitatis.
347 979 380 990 -
403 955 491 1006 Hinc
515 955 550 1005 ab
573 953 625 1004 hoe
647 953 716 1007 loeo.
738 979 771 990 -
794 954 915 1006 Plures
937 969 1031 1006 usur·

17 1047 19 1104 ζ
68 1045 148 1104 pant
165 1040 236 1092 sicut
254 1039 371 1092 heretici
382 1040 429 1104 qui
441 1054 471 1090 se
489 1040 566 1104 ipsos
578 1037 724 1103 appellant
734 1039 883 1090 cristianos
896 1053 957 1088 eum
976 1055 1030 1092 uon

17 1115 19 1144 l
67 1122 128 1175 siut.
148 1123 181 1174 de
199 1125 301 1190 quibus
314 1124 439 1176 domiuus
452 1124 482 1174 iu
500 1122 694 1190 euangelio:
713 1123 774 1174 Nou
791 1125 880 1176 omnis
897 1124 945 1189 qui
962 1124 1031 1174 dicit

17 1255 19 1274 Ε
70 1207 253 1268 mihi‘domine
268 1208 378 1260 demine
390 1208 507 1262 butrabit
518 1209 547 1258 iu
564 1221 678 1272 regnum
692 1207 821 1260 celorum.
844 1209 922 1260 Beue
937 1215 1030 1262 eutem

69 1291 136 1342 dicit
150 1299 286 1358 usurpant
303 1294 385 1359 quasi
402 1294 518 1344 abusiue
538 1294 686 1344 abutentes
704 1307 755 1344 usu
774 1293 908 1359 (proprio)
935 1294 981 1344 uel
1000 1296 1030 1346 ui

17 1367 19 1458 ᾗ
67 1375 142 1428 illum
159 1378 333 1444 arripientes.
352 1405 385 1414 -
404 1377 570 1429 Solitarie
589 1375 771 1442 singulariter
790 1379 881 1433 unice.
899 1409 933 1420 --
951 1377 1029 1429 Cum

70 1461 485 1526 primc.-Vniuersalium
508 1466 699 1528 praecepta
722 1463 927 1528 regularum.
963 1465 1030 1515 Vni·

17 1563 20 1612 5
69 1546 172 1604 uersulc
184 1553 358 1614 praeceptum
372 1552 427 1598 este
445 1553 526 1613 pater
538 1547 605 1598 deus
618 1547 692 1598 filius
704 1545 772 1598 deus
784 1548 897 1614 spiritus
910 1547 1030 1599 Sanctus

17 1615 19 1636 '
70 1631 132 1684 deus
159 1633 244 1683 ethii
262 1638 320 1684 tres
342 1645 412 1684 unus
435 1617 516 1694 deus',
543 1635 571 1682 et
595 1631 647 1682 hoc
670 1632 867 1684 uniuersaliter
891 1633 925 1683 ab
945 1635 1030 1684 omni·

70 1716 117 1768 bus
134 1716 321 1782 urttb)0duxis
340 1717 466 1770 confiteri
489 1717 668 1782 praecipitur.
690 1745 724 1754 -
746 1718 824 1768 Tum
842 1717 978 1769 Secundo.
998 1745 1029 1754 -

70 1796 200 1854 Eiussll.
213 1801 286 1852 fidei.
317 1800 402 1852 Cuius
420 1801 518 1868 religio
531 1827 563 1838 ·-
581 1817 640 1866 per
658 1818 771 1853 omues
789 1817 874 1867 pene
893 1802 1029 1868 (muudi)

17 1935 20 1954 ‚
70 1888 226 1938 terminus
259 1885 380 1938 ostendit
406 1902 510 1952 paucus
528 1884 677 1948 {hereticus
700 1888 763 1938 dum
790 1893 877 1938 totum
900 1887 1030 1938 muudum

18 1989 20 2040 3
71 1971 132 2022 dicit
156 1975 319 2039 occupatum
350 1970 427 2022 cultu
446 1971 597 2037 christiane
621 1967 771 2038 religionis.
797 1995 831 2008 -··
854 1973 1030 2024 emanauit

18 2055 22 2102 ,ι’
73 2063 156 2112 autem
183 2057 298 2108 effluxit.
326 2083 360 2094 -
387 2055 576 2110 Catholicis.
606 2054 784 2120 calth0)licou
811 2057 908 2108 dicunt
934 2058 1031 2123 graeci

71 2142 230 2194 uniuersale.
249 2167 283 2177 —
301 2142 405 2193 Cuius
427 2135 461 2190 sb
487 2140 632 2208 catholice
655 2141 728 2193 fidei.
753 2173 787 2184 -
809 2143 973 2207 Inquiunt
997 2157 1039 2196 .e..

72 2226 202 2278 catholici.
237 2226 323 2278 Pater
342 2227 409 2278 deus
428 2227 503 2278 filius
522 2225 588 2278 deus
603 2225 717 2292 spiritus
735 2230 849 2277 sauctus
867 2225 943 2286 deus,
964 2227 1029 2290 quia

18 2295 20 2318 ’
71 2313 152 2363 tercio
170 2312 270 2363 dicitur
289 2312 365 2372 deus,
383 2327 439 2363 non
457 2317 550 2362 tamen
567 2310 642 2361 idem
660 2315 718 2361 tres
736 2315 801 2361 sunt
823 2309 871 2382 dii.
890 2337 922 2348 ·-
947 2309 1030 2362 Ocu·

19 2405 21 2460 t
73 2393 277 2463 iuuclt)ionia
306 2399 402 2448 cuius
422 2398 448 2450 .i.
470 2397 586 2447 unitatis
611 2396 676 2460 quia
698 2411 782 2446 unum
804 2394 864 2446 dieo
889 2396 978 2450 deum.
997 2427 1030 2436 -

19 2515 20 2520 =
72 2480 317 2532 Indifierentia
336 2482 396 2532 siue
414 2481 461 2532 uel
480 2481 583 2546 absque
602 2479 761 2532 differentia
780 2485 809 2530 et
828 2487 938 2532 estune
957 2499 1030 2548 para,

73 2582 170 2618 —eos
189 2566 398 2617 differentia
421 2583 445 2617 e.
469 2567 499 2616 iu
517 2566 597 2617 uobis
619 2564 696 2616 nulla
716 2564 876 2616 differentia
899 2572 943 2617 est
966 2569 1030 2632 quiu

73 2649 165 2701 nullam
184 2651 369 2701 differentiam
383 2649 500 2701 dicimus
515 2665 576 2700 esse
589 2651 618 2699 iu
631 2654 750 2701 unitate.
770 2676 803 2686 -
826 2650 889 2712 Qui
907 2652 962 2703 uel
979 2667 1030 2702 uu-

75 2740 144 2800 gent
160 2735 215 2786 uel
233 2734 388 2786 minuunt
407 2734 533 2786 dicentes
552 2739 659 2800 patrem
673 2735 821 2785 maximum
839 2733 924 2784 filium
943 2737 1030 2788 miuo-

20 2823 22 2886 ξ
74 2833 123 2870 rem
144 2821 278 2886 spiritum·
293 2823 421 2870 sanctum
443 2821 499 2870 iam
522 2821 671 2872 minimum.
695 2845 727 2856 —
750 2818 962 2870 Distrahunt
986 2837 1029 2872 se·

20 2895 21 2954 J
74 2911 189 2955 cernunt.
213 2930 247 2940 -
274 2903 446 2954 Diducunt
473 2903 600 2955 diuiduut
627 2910 684 2954 tres
709 2903 776 2954 deos
804 2919 864 2955 esse
894 2905 1030 2958 dicentes.

20 3030 23 3040 ,
74 2989 231 3042 inferentes
264 2988 337 3040 enim
369 2990 505 3040 unitatem
538 2989 672 3039 diducunt
703 2990 794 3053 ipsum
830 2991 859 3040 in
893 2992 1030 3056 quendam

20 3069 22 3096 ³
74 3074 265 3126 diuersitatem.
302 3073 369 3124 Ideo
388 3074 486 3124 nolunt
504 3075 628 3139 recipere
646 3088 728 3125 uuam
747 3075 941 3127 substantiam.
976 3078 1030 3127 Ar-

22 3151 23 3154 ’
75 3175 76 3204 1
124 3160 155 3222 ni
173 3161 247 3210 enim
270 3164 327 3208 tres
346 3158 519 3209 substantias
537 3157 714 3208 affirmabant
737 3164 765 3210 et
788 3161 932 3224 cupientes
951 3177 1030 3226 quos-

75 3267 77 3282 <
144 3244 284 3310 simplices
310 3243 438 3309 decipere
456 3243 657 3294 adiuuenerunt
684 3240 919 3314 OMloloyGON
951 3246 1032 3310 quasi

21 3389 22 3392 Ἴ
69 3365 77 3384 ,κ
126 3333 136 3379 t
147 3327 196 3399 [sit
207 3323 422 3396 substputia]sit
433 3329 590 3381 substantia
605 3328 693 3380 latine
704 3334 732 3380 et
741 3329 815 3380 aliud
823 3327 1029 3391 ottooroou

21 3409 24 3478 g
76 3438 77 3458 2
125 3431 173 3469 ece.
197 3419 280 3466 mei.
305 3418 437 3468 binarius.
461 3439 494 3452 -
519 3414 638 3464 Preter
671 3415 888 3466 alteritatem
910 3416 938 3468 .i.
967 3414 1032 3466 Sine

126 3501 206 3554 ritate
226 3511 318 3566 uque
332 3502 460 3562 ‚binarius
480 3499 589 3565 incipit.

22 3643 24 3652 .
125 3605 184 3650 icelii
198 3621 259 3651 cons.
273 3609 307 3650 cd.
323 3608 405 3662 Peipcr.
485 3624 490 3633 ·
863 3602 881 3653 d
