2458 3912
3 155 5 230 3
500 174 635 237 xxxvmr

3 311 7 380 l
66 330 217 386 Gnauiter
238 329 344 402 exaegit
368 327 443 384 iuriis
467 330 630 384 monimenta
653 330 769 384 uetustis

2 409 4 434 l
66 412 227 470 Flebilibus
250 412 394 478 scribendo
417 412 504 469 modis
528 421 570 468 tot
592 415 708 469 carmina
730 411 795 469 felin

30 503 33 506 '
67 496 116 570 Et,
146 497 222 572 quod
244 496 354 573 libertas
376 498 463 554 multo
486 514 612 554 sermone
635 495 750 571 bilingui

2 556 4 640 l
67 581 217 639 Artifioale
239 582 319 653 tulit,
342 581 406 638 dum
428 589 492 656 post
513 584 663 656 interprete
686 582 778 656 lingua

67 665 215 741 Quicquid
238 666 400 723 Aristoteles
423 667 516 723 docuit
538 666 685 723 transferre
708 669 822 742 sategit:

68 751 212 808 Pandens·
226 752 390 808 conditionis
413 769 478 825 opes
500 751 646 808 hincinde
669 759 785 824 coactas,

67 835 152 903 Quas
176 835 208 892 ab
231 837 353 892 atheueis
376 839 466 910 rapuit
489 835 634 910 bibliopola
657 838 741 910 gazis,

70 920 112 976 Ne
141 938 251 978 romana
274 921 359 976 sames
385 920 478 996 epulas
502 922 619 977 inesoret
642 922 757 976 aebluas.

481 1149 638 1214 Rabaui

73 1293 151 1348 Crux
175 1292 274 1349 Christi
298 1293 422 1367 sequitur
444 1293 477 1348 de
500 1310 606 1350 summo
631 1303 772 1350 stemmate
794 1305 903 1352 natum:

120 1377 252 1433 Exsilium
275 1379 391 1449 meruit,
414 1377 477 1433 dum
500 1378 549 1434 tibi
573 1378 660 1434 Gotho
682 1379 778 1451 placet.

74 1464 111 1519 At
135 1462 245 1518 Christo
268 1462 384 1536 placuit,
407 1479 468 1519 com
490 1479 545 1518 non
568 1462 616 1519 tibi
645 1463 732 1518 Gothe
756 1464 885 1538 placeret,

120 1547 155 1602 lit
178 1548 278 1602 meruit
300 1549 383 1602 uitam
405 1556 618 1621 perpetuamque
641 1548 755 1622 sophus.

75 1631 194 1688 Instruit
216 1633 243 1687 in
266 1633 346 1688 terris
372 1674 378 1688 .
403 1674 409 1688 .
434 1633 535 1688 uirtute
558 1631 650 1703 latina,

122 1717 152 1772 ln
176 1717 278 1772 caelum
302 1717 426 1790 sequitur
448 1733 514 1771 crux
536 1718 578 1791 pia
603 1759 609 1772 .
636 1761 642 1772 .
669 1760 674 1771 .
701 1760 706 1771 .

77 1953 145 2001 sotis
162 1952 237 2000 metri
254 1949 483 2008 rationem—babuit
504 1966 530 2004 u,
549 1951 566 1999 4
583 1950 626 2000 ubi
647 1949 772 1999 seruauit
792 1952 925 2016 penuinum
947 1953 1050 2001 uidetur

79 2020 96 2070 o
117 2017 254 2075 Gnouiter
271 2016 427 2077 Buecheler,
455 2015 585 2067 Grouiter
602 2018 699 2076 codem,
728 2017 830 2082 Exegit
847 2019 972 2083 grauiter
989 2019 1049 2069 Rie-

78 2089 143 2139 eius.
166 2085 253 2136 furios
275 2089 404 2136 uetustos
424 2084 579 2135 Theoderici
598 2087 667 2148 repis
690 2087 769 2143 dixit,
794 2101 900 2152 quorum
916 2090 943 2137 in
959 2095 1049 2137 memo·

80 2159 146 2204 riam
164 2161 189 2205 et
206 2155 405 2205 consolationem
422 2153 531 2204 Boetius
549 2154 682 2218 conposuit
701 2152 764 2215 (uid.
784 2153 801 2202 I
819 2155 847 2208 4.
867 2155 909 2214 79)
937 2171 1049 2220 quasque

80 2229 205 2274 reuocant
222 2224 249 2271 in
267 2223 364 2272 andron
381 2224 515 2286 tepentium
527 2229 614 2272 cetera
626 2235 724 2286 quoque
737 2236 819 2285 opera
831 2221 956 2272 libertatis
972 2237 1049 2286 prae·

81 2307 128 2341 coe
148 2305 319 2355 romanaeque
345 2291 502 2340 monimenta.
573 2288 650 2339 iEn
677 2287 749 2354 quod
771 2289 911 2355 aliquando
933 2292 1050 2340 coniece-

81 2375 145 2410 ram.
232 2360 265 2408 10
284 2357 452 2422 cognitionis
471 2360 502 2410 ci.
520 2356 671 2410 Bueclaeter.

150 2477 189 2526 VI
206 2477 257 2526 md.
269 2475 342 2538 infra
354 2491 379 2540 p.
394 2476 451 2525 146.
482 2477 528 2526 Ere
542 2475 568 2526 0.
582 2475 677 2525 Bortdi
689 2478 790 2527 uduere.
804 2476 883 2535 LVI,
904 2479 933 2525 11
945 2493 973 2540 p.
984 2478 1050 2528 2652

84 2543 135 2607 (ed.
154 2560 178 2597 a.
192 2542 269 2606 1624)
287 2544 334 2594 doc
347 2541 489 2606 Symmachi
505 2546 660 2608 epiprommo
676 2551 831 2608 receperunt
848 2543 936 2594 Burm.
954 2544 989 2594 Il
1003 2547 1050 2596 137

84 2613 175 2678 Meper
197 2628 221 2664 n.
246 2612 297 2662 265
331 2612 399 2664 Rieu.
418 2613 475 2662 933.
511 2613 553 2663 itte
575 2627 610 2662 ex
629 2611 845 2678 Martisdurpensi
865 2627 911 2662 auo
929 2612 1052 2663 Consola-

83 2683 158 2731 tiom'a
169 2680 257 2730 codice
268 2679 405 2730 chartaceo
423 2695 477 2729 cum
494 2680 606 2730 carmine
626 2681 693 2744 quod
709 2682 824 2745 sequitur
841 2681 929 2730 edidit.
976 2689 978 2696 ’

153 2747 291 2800 Auctorem
313 2762 369 2797 eree
392 2749 499 2797 coniecit
522 2747 615 2810 Meyer
637 2746 716 2797 Boeti
736 2750 842 2798 atterum
865 2750 944 2810 filium
966 2751 1010 2813 qui
1026 2765 1050 2797 o.

88 2815 200 2866 DXXII
218 2817 374 2866 consulatum
392 2817 501 2865 tenuerit
523 2831 576 2865 cunr
596 2815 693 2877 fratre.
729 2822 838 2866 ceterum
860 2813 1051 2878 Symmachius

86 2887 112 2934 in
129 2885 214 2934 codice
232 2883 332 2948 tepebat
349 2882 483 2933 Bartltius.

152 2967 300 3018 3tomdem
312 2966 406 3017 Bortlt.
476 2969 493 3017 4
510 2968 611 3032 sophos
628 2970 645 3019 i.
662 2983 684 3017 e.
704 2965 800 3032 σοφῶς
814 2968 934 3018 Martiali
944 2968 1051 3019 Sidonio

86 3037 224 3086 Fortunato
246 3035 363 3100 usitatum
385 3036 438 3089 uid.
459 3035 576 3101 Ornytus.
598 3043 627 3085 ot
648 3035 704 3100 ipse
722 3034 847 3086 Bartnius
869 3053 922 3086 cum
944 3036 1051 3086 Rabona

136 3145 141 3164 ,
160 3105 227 3169 quod
244 3105 357 3161 mireris,
375 3119 425 3168 pro
438 3103 713 3186 substantiuonboduit
731 3173 737 3184 ι
906 3172 913 3184 ·

138 3170 1051 3322 ,irre,unsarammaairammum

138 3307 625 3440 ²tristitiittttritta
643 3376 737 3449 ,isin
