2458 3912
487 227 618 269 xxxxvrr
664 212 667 219 '

76 397 133 438 eum
160 380 352 454 praetermisit.
396 379 456 437 Non
490 379 614 436 diuersus
642 380 674 436 ab
702 396 735 436 eo
763 382 873 437 uidetur
904 381 1039 454 interpres

75 459 307 536 dinsidlcnsls
336 463 406 538 (aod.
430 463 491 522 235
520 481 543 520 s.
566 465 679 536 x—xt,
703 482 734 520 ex
757 467 833 521 cuius
865 463 934 522 libro
956 467 1040 539 parti·

76 551 156 608 culam
188 548 278 606 meum
310 550 338 606 iu
355 563 444 605 'usum
473 547 617 624 descripsit
644 547 817 625 HHagenus
845 593 852 606 .
882 567 950 625 quae
978 567 1039 607 cum

75 635 165 692 doceat
180 635 265 708 qualis
281 633 329 690 illo
346 642 467 709 tempore
491 635 639 708 optinuerit
661 635 857 709 interpretandi
872 637 959 706 ratio,
983 653 1038 691 non

76 736 128 776 eam
151 717 369 793 supprimendam
392 719 465 775 duri.
504 719 575 776 Haec
596 721 680 793 igitur
702 736 716 774 a
740 719 759 776 i.
784 720 825 777 96
847 718 880 775 ad
903 720 942 777 99
966 720 1036 777 med.

77 806 101 860 iu
122 803 282 860 Einsidlensi
306 804 451 878 leguntur:

139 902 390 968 Inuestigatam
409 900 801 967 diutissime-questionem
821 893 854 951 eb
875 902 909 953 de
922 897 970 951 sc'a
989 903 1039 951 tri-

78 986 167 1040 nitate.
201 987 393 1052 Igniculum
414 983 808 1054 [ingeniolum—Igniculum
826 987 967 1053 dignate
986 993 1039 1036 est

79 1071 155 1120 idest
171 1070 284 1136 dignum
297 1070 404 1123 babuit.
433 1071 494 1122 Hoc
507 1071 580 1121 euim
598 1072 712 1122 uerbum
727 1071 887 1123 accusatiuo
905 1065 1038 1136 iungitur.

78 1153 110 1204 Et
130 1170 205 1205 sunm
227 1155 354 1207 meritum
379 1153 576 1207 extenuando·
604 1156 674 1206 dicit
695 1156 847 1222 agniculum
871 1159 982 1210 mentis.
1006 1183 1039 1192 —

80 1239 246 1290 formatam
267 1240 469 1292 subnixam·
487 1241 695 1292 litationibus
715 1241 893 1306 argumentis.
906 1273 939 1282 -
952 1241 1038 1291 Man·

80 1325 181 1374 datam
199 1325 340 1392 scriptam.
360 1349 394 1361 —-
415 1325 519 1375 Vobis
542 1326 755 1376 offerendam
775 1350 781 1361 ·
799 1329 830 1374 ut
851 1326 931 1377 uobis
959 1324 1038 1376 offer·
1067 1390 1070 1398 Ι
1095 1353 1100 1364 -

79 1425 137 1459 rem.
169 1436 201 1446 -
228 1408 551 1461 Communicandem
582 1410 814 1476 participandam.
842 1436 874 1445 -
906 1409 1037 1459 Jndlcii

80 1495 213 1546 examinis.
227 1519 261 1531 -·
274 1493 391 1546 Nostri
410 1495 545 1546 inuenti
558 1518 564 1531 ·
577 1499 689 1545 nostrae
707 1493 886 1545 inuentionis.
901 1521 931 1528 -
952 1493 1038 1555 Quid

61 1579 151 1644 ,nihi
169 1579 213 1630 sit
232 1579 336 1648 animi
354 1603 360 1615 ·
380 1579 464 1630 Cuius
487 1579 640 1630 uoluntatis
662 1578 725 1629 sim·
739 1579 849 1630 scilicet
872 1578 943 1644 quod
962 1579 1038 1630 fauo·

79 1679 129 1713 rem
146 1664 240 1731 populi
258 1679 314 1714 non
332 1663 554 1732 retliqpolmuiro
572 1689 603 1700 ·-
624 1663 710 1715 Stilo
729 1664 884 1728 scripturae
903 1661 1037 1729 per-etti·

80 1749 186 1799 cientem
204 1749 234 1799 id
248 1748 321 1814 quod
341 1747 472 1803 efficitur.
490 1776 522 1786 -
541 1749 619 1800 'l'nm
637 1749 749 1814 partim.
767 1775 800 1784 —
823 1747 1037 1799 Diiieultate

81 1833 138 1897 quia
153 1831 289 1884 uidelicet
306 1835 331 1884 si
347 1834 426 1900 uulgi
444 1834 545 1902 plausu
563 1832 720 1884 delectarer
730 1834 824 1898 utique
837 1848 891 1883 non
909 1835 965 1883 tam
986 1833 1037 1882 dif-

80 1916 179 1969 ficulter
201 1918 251 1969 sed
273 1918 365 1984 potius
387 1919 544 1986 uulgariter
566 1917 725 1969 scriberem.
749 1945 782 1956 -
804 1918 904 1968 Raris
927 1915 1038 1968 datione

21 2015 24 2062 t
80 2001 187 2067 pluralis
207 2007 257 2054 est.
272 2031 306 2039 -
324 2004 446 2054 Famae
464 2003 656 2054 iactatione
675 2001 813 2070 opinionis
833 2001 991 2053 extensione
1011 2008 1039 2052 et

21 2063 24 2102 Ι
80 2087 236 2139 inanibus
257 2088 468 2140 clamoribus
491 2089 563 2139 sicut
582 2087 691 2152 quidam
716 2088 814 2138 comici
833 2091 861 2137 et
878 2091 986 2152 poetae.
1007 2113 1039 2123 -

21 2231 24 2244 Ι
82 2172 272 2224 Excitamur
297 2187 478 2239 pronoeamnr
505 2172 541 2223 ed
570 2171 752 2224 scribendum.
773 2170 889 2221 -Sed
913 2171 941 2220 ei
965 2172 1038 2235 quis

82 2261 127 2307 est
153 2257 171 2309 i.
191 2275 214 2309 c.
234 2263 254 2308 t.
279 2259 361 2308 ersi
385 2244 440 2322 qud
464 2263 507 2308 est
535 2259 657 2308 exterius
684 2256 870 2306 remuneratio
900 2253 944 2304 nel
967 2253 1037 2305 laus.
1061 2276 1065 2281 ·

81 2341 131 2392 lleo
148 2343 226 2406 (corr.
245 2342 326 2406 Non)
350 2347 466 2408 potest
488 2342 588 2393 aliam
610 2341 681 2391 nisi
703 2341 870 2391 materiae
894 2337 1039 2408 simjilem

81 2433 225 2491 spectare
239 2429 457 2478 sententiam.
481 2429 671 2492 Vnaquaeque
683 2441 727 2476 res
740 2426 889 2476 secundum
902 2427 1038 2476 materiae

82 2513 233 2575 qualitatem
252 2517 317 2577 eget
335 2511 438 2563 iudicio
458 2510 669 2576 examinatoris,
692 2512 771 2562 uerbi
795 2512 889 2576 gratie
912 2513 958 2575 qui
976 2527 1039 2577 pro·

83 2595 249 2662 scriptionem
268 2597 377 2648 faciunt
400 2597 554 2648 fabularum
576 2597 670 2662 populi
694 2595 791 2646 fauore
815 2595 990 2647 delectantur
1008 2601 1039 2646 ut

83 2686 170 2744 poetae
184 2687 212 2732 et
225 2683 326 2733 comici
339 2682 427 2747 quiin
440 2681 555 2731 theatris
569 2685 598 2731 et
608 2682 699 2747 scenis
712 2686 842 2745 poemata
855 2695 905 2731 sua
918 2682 1037 2732 recitan-

83 2769 119 2814 tes
138 2765 264 2818 leudibus
287 2766 382 2833 populi
412 2763 599 2816 tantummodo
623 2765 825 2831 gloriabantur.
860 2765 934 2815 Dicit
957 2780 1038 2828 ergo:

84 2847 139 2901 Ideo
156 2857 277 2902 uestrum
295 2850 429 2901 iudicium
449 2852 558 2916 requiro
577 2851 592 2901 ὂ
613 2849 742 2915 symaehe
767 2850 833 2912 quia
851 2848 975 2899 diuinum
995 2855 1037 2900 est

23 2947 25 2998 ς
84 2931 206 3001 hocopus
226 2935 299 3001 quod
317 2935 374 2987 ieci
392 2939 421 2986 et
443 2935 661 2986 subtilissimum.
694 2947 808 2986 necesse
827 2939 869 2985 est
887 2935 982 2999 itaque
1006 2940 1038 2984 ut

85 3019 302 3081 prudentissimus
327 3025 424 3071 auctor
445 3021 497 3072 hoe
516 3019 873 3084 excellentissimum·opus
897 3021 1038 3070 examinet

100 3105 104 3118 ¹
139 3106 181 3156 nia
204 3107 257 3158 tibi
276 3105 346 3158 illud
365 3104 553 3170 offe(re)ndnm
572 3106 696 3171 disposui
713 3105 774 3156 ideo
792 3104 881 3169 magis
899 3104 1038 3155 studiosus

139 3191 151 3239 i
175 3205 209 3242 ne
237 3191 303 3257 quid
329 3191 402 3241 forte
424 3192 606 3242 incorrectum
634 3190 687 3241 tibi
710 3190 917 3255 sapientissimo
941 3189 1037 3253 displi-

139 3279 157 3325 t.
175 3302 205 3312 -
226 3275 376 3327 Similem
394 3277 603 3326 sententiam
625 3275 746 3338 prudens
768 3275 912 3327 iudicium.
948 3275 1038 3335 Qua·

144 3375 210 3425 ,que
228 3361 259 3410 in
278 3376 478 3427 quamcumque
496 3366 611 3426 partem.
631 3383 664 3394 -
686 3360 811 3410 Deieai
834 3358 986 3409 declinaui.
1005 3383 1037 3393 —

144 3460 286 3511 ¹cumque
313 3447 421 3512 igitur
448 3463 464 3496 a
496 3447 595 3498 uobis
625 3444 740 3496 deieci
767 3443 884 3495 oculos
913 3445 1037 3509 pa'rtim

139 3545 198 3580 aua
229 3531 408 3598 segniciae
439 3531 559 3596 partim
587 3529 737 3581 callidus
766 3529 854 3579 liuor
884 3529 1037 3579 occurrit
