2388 3910
363 193 653 252 coueotttioms
675 198 705 252 11

1 391 2 421 1
127 368 207 431 Late
228 376 367 448 petentes
382 370 520 430 ¹aetheris
542 378 646 432 cernet
667 371 769 452 plagas

1 467 2 478 ¹
72 455 74 460 '
202 456 368 534 Artumque
391 463 540 544 tetricum
563 456 662 517 situm.

127 538 265 602 Breuem
287 539 406 620 replere
426 555 487 602 iton
509 539 638 602 ualentis
660 539 805 603 ambitum

11 677 16 684 .
199 623 331 687 Pudebit
353 627 432 686 aucti
455 626 596 686 nominis.

126 709 210 781 uuit
224 727 251 772 c
273 709 400 788 superbi
421 708 496 772 colla
517 709 637 772 mortali
658 711 730 790 iugo

1 847 2 868 2
198 789 325 856 Frustra
348 795 449 856 leuare
471 794 622 875 gestiunt?

1 895 2 898 ’
123 879 218 943 'licet
240 885 372 942 remotos
393 881 473 941 ieme
495 895 550 960 per
572 879 699 960 populos
720 896 824 942 means

1 997 3 1026 1
197 963 310 1026 Diffusa
332 965 449 1044 linguis
471 963 601 1045 explicet

123 1049 165 1113 iit
188 1063 297 1129 magna
316 1050 414 1113 titulis
435 1049 550 1128 litigent
571 1051 660 1112 claris
682 1050 803 1112 domus:

1 1178 2 1198 i
199 1135 281 1197 lilers
304 1138 421 1217 spernit
442 1135 531 1197 altem
553 1135 693 1214 glorium,

1 1229 2 1305 ᾗ
124 1220 264 1282 luuoluit
285 1220 398 1283 humile
421 1221 536 1302 puriter
558 1229 588 1282 et
610 1220 724 1284 celsum
746 1229 836 1302 ceput

1 1313 2 1316 ’
196 1307 373 1387 'licqutttque
396 1307 521 1368 utmmis
544 1307 655 1368 infime.

123 1389 187 1452 Vbi
208 1407 290 1453 nunc
305 1389 410 1453 lltlclis
431 1407 498 1453 csse
520 1389 654 1454 Fabricii
677 1397 813 1462 manent,

195 1475 484 1548 culturensem
506 1475 622 1554 rigidus
644 1475 735 1539 Caici

127 1560 239 1642 Signat
260 1568 414 1643 superstes
436 1561 515 1624 ieme
536 1563 638 1622 tenuis
660 1561 798 1640 pauculis

1 1693 2 1698 η
199 1645 289 1708 lneue
311 1661 421 1708 nomen
441 1645 562 1708 litteris,

1 1773 3 1778 »
125 1729 189 1794 Sed
213 1730 293 1812 quoi
316 1732 425 1795 decore
446 1733 588 1793 nouimus
609 1729 770 1802 uocabula,

1 1855 2 1872 t
197 1816 277 1879 llum
299 1819 379 1879 ¹scire
398 1823 594 1897 consumptos
616 1816 723 1878 daturi

1 1926 2 1942 ³
124 1901 239 1965 lucetis
262 1919 334 1982 ergo
355 1920 480 1983 prorsus
502 1899 686 1981 ignorabiles

198 1987 261 2048 Nec
284 1986 362 2050 ieme
384 1993 472 2048 notes
494 1988 596 2049 elficit.

125 2071 216 2143 Quod
239 2075 265 2134 si
287 2073 400 2152 putatis
421 2071 538 2150 longius
559 2073 654 2133 uitam
677 2071 756 2135 trahi

198 2157 332 2220 Mortalis
355 2175 428 2219 eura
450 2159 595 2228 nominis,

127 2243 205 2306 Cum
228 2260 296 2305 sere
318 2240 406 2304 uobis
427 2243 526 2324 rapiet
548 2241 605 2303 hoc
627 2242 715 2302 etiem
739 2239 818 2312 (lice,
1027 2250 1052 2293 et

199 2327 260 2389 lem
283 2345 339 2389 uos
361 2325 494 2389 secunda
516 2345 597 2389 mers
619 2333 729 2387 manet.

2 2511 3 2580 ᾖ
106 2512 174 2574 Vlll
221 2511 279 2574 Sed
302 2531 340 2575 ne
363 2531 410 2575 me
437 2513 623 2576 inexorabile
651 2522 755 2577 contre
786 2515 937 2576 fortunam
964 2530 1016 2592 ge·

48 2613 113 2658 rere
142 2598 257 2660 bellum
284 2608 387 2678 putes,
419 2605 464 2660 est
491 2599 649 2681 aliquande
671 2618 739 2661 cum
767 2599 803 2661 de
833 2596 1015 2668 hominihus,

47 2679 130 2744 fallax
159 2681 210 2745 illa
232 2683 324 2754 nihil,
356 2682 432 2745 bene
458 2691 624 2746 mereatur:
653 2692 716 2746 tum
745 2683 861 2745 scilicet
886 2699 954 2744 cum
984 2699 1017 2742 se

17 2771 20 2778 “
48 2768 156 2845 aperit,
180 2786 250 2830 cum
272 2769 402 2830 frontem
424 2769 538 2848 detegit
559 2785 718 2849 moresque
740 2769 907 2849 profitetur.
936 2765 1017 2828 Non·

49 2850 114 2912 dum
147 2854 237 2938 forte
261 2853 332 2935 quid
365 2853 482 2936 lequer'⁸
502 2853 662 2933 intellegis.
716 2855 826 2914 mirum
860 2862 906 2914 est
938 2852 1055 2933 queit

49 2935 145 3000 dicere
176 2939 286 3019 gestio,
325 2951 420 3018 eoque
448 2940 626 3001 sententiam
656 2937 767 3001 uerbis.
787 2934 937 3016 explicere
965 2939 1018 2999 uix

491 3106 508 3146 ti

111 3162 127 3211 3
146 3158 253 3210 etheris
275 3157 298 3207 Τ
368 3158 523 3226 tutelensis
538 3155 581 3225 (al.
600 3155 635 3224 e.)
652 3159 678 3209 Ε
756 3160 788 3211 12
806 3155 888 3224 eltssti
907 3158 949 3224 (er
967 3158 1017 3221 cr.)

50 3221 64 3272 i
128 3227 162 3278 17
179 3224 315 3292 suplelK
333 3225 411 3292 lau.
425 3229 460 3278 20
478 3227 560 3292 (Num
572 3225 652 3293 scire)
670 3243 749 3294 utque
766 3229 803 3280 ad
818 3244 841 3279 c.
858 3226 935 3278 VIII
945 3245 969 3278 u.
983 3229 1016 3276 12
1029 3228 1068 3282 (Di

50 3286 64 3354 (i
98 3293 197 3361 minoi)
220 3295 320 3347 excidit
340 3307 414 3346 unum
434 3295 523 3358 scium
541 3296 567 3346 Il
642 3297 677 3348 to
695 3295 862 3361 consumptis
875 3294 903 3345 Κ
983 3294 1017 3347 ie

4 3415 5 3420 ,
49 3361 164 3413 ith
232 3361 589 3429 25hociem(ctom.)i'

111 3461 143 3517 P.
159 3459 241 3532 vm]
279 3465 295 3515 i
313 3459 441 3516 omnibus
456 3464 485 3516 K
585 3467 602 3522 '3
625 3481 679 3519 non
696 3466 767 3518 nihil
783 3465 941 3518 recentiores
958 3479 1013 3519 nen

50 3543 64 3578 ⁰
108 3549 130 3584 tc
200 3533 271 3584 fleo
289 3531 325 3598 qi
344 3532 373 3583 K
