2458 3912
608 189 680 235 31111

159 340 486 416 RBcbdigcrianus
509 341 520 398 i
542 343 614 416 sign.
636 341 653 401 S
675 341 685 398 i
706 340 737 413 4,
758 341 817 403 3S.
838 341 881 400 itt
901 344 948 412 in.‚
973 358 1028 398 non
1044 361 1068 398 s.
1085 343 1132 398 XV

201 435 233 482 ut
255 434 297 483 est
312 428 346 494 in
368 426 502 501 catalogo,
527 426 655 486 foliorum
679 425 728 496 54,
758 443 875 500 quorum
897 428 925 485 in
947 428 1034 500 primo
1058 429 1131 484 uitae

85 568 91 584 .
201 512 212 566 i
234 519 262 568 et
283 511 305 567 ii
328 519 428 571 extant.
456 513 485 568 in
508 511 603 572 ultime
624 527 705 571 uerso
726 513 864 572 recentior
886 527 980 571 manns
996 511 1050 572 duo
1073 514 1131 586 epi·

202 604 349 670 grammata
373 595 485 668 adiecit,
508 612 576 669 quae
605 598 633 653 in
654 596 712 656 aliis
734 612 843 670 quoquc
866 612 917 655 uec
938 604 1044 656 tanturn
1062 595 1130 652 hoe·

203 682 281 738 tianis
304 679 382 736 libris
404 681 594 740 inueniuntur:
624 681 752 743 aiterum,
767 679 854 738 tribus
877 681 1041 740 trexamctris
1063 697 1130 741 eou-
1225 735 1229 747 ,

202 776 277 826 stans
306 765 356 838 (Ut
375 768 473 826 laetus
488 761 650 842 ponticis.)
673 765 789 824 aiterum
812 765 928 825 duorum
950 765 1130 824 distichorum

202 850 251 922 (Ut
278 851 406 925 pondero
434 853 505 911 tolet
532 849 612 923 etc.):
647 849 781 925 publicani
809 867 840 910 ee
866 866 953 925 nuper
981 866 1042 906 eum
1060 849 1129 912 ‚aliis

201 935 322 992 eiusdem
344 937 498 1009 argumenti
520 935 663 994 uersiculis
690 937 718 991 in
739 933 878 996 Leutschii
899 934 988 994 indiae
1009 934 1129 1008 philolo·

201 1021 263 1094 gioo
285 1018 306 1075 li
328 1019 429 1076 insui
453 1038 480 1094 p.
503 1020 565 1087 370
580 1037 641 1094 sqq.
665 1019 737 1087 Quae
759 1019 795 1075 ibi
818 1019 882 1092 diri,
906 1020 944 1078 eis
969 1019 1034 1080 haee
1055 1035 1129 1080 nunc

202 1103 299 1161 addere
328 1121 449 1177 possum.
486 1104 608 1163 Alterum
641 1106 712 1163 enim
741 1105 768 1163 iu
797 1104 857 1164 cod.
881 1103 1050 1166 berolinensi
1078 1104 1127 1160 lat.

203 1188 286 1244 tbeoi.
311 1187 342 1244 F.
367 1189 426 1248 178
449 1189 512 1246 ni
536 1191 583 1262 qui
605 1191 727 1248 continet
748 1188 823 1246 Petri
837 1189 918 1263 Rigas
934 1191 1065 1249 Armorum
1089 1189 1130 1244 sie
1226 1238 1227 1245 ,

202 1275 334 1346 scriptum
356 1275 479 1348 repperi:

249 1358 284 1422 Ut
304 1360 432 1431 paudere
454 1361 527 1420 solet
546 1357 647 1430 fessus
667 1363 725 1418 iom
746 1365 838 1418 nauto
859 1359 961 1414 labore

286 1443 459 1504 Desiderato
482 1445 531 1503 dita
552 1447 640 1505 litora
663 1451 740 1502 tuto
764 1445 875 1516 trident,

243 1528 336 1588 Haud
348 1529 434 1585 aliter
448 1532 576 1599 scriptor
597 1529 704 1590 buius
726 1531 795 1587 ioan
816 1531 874 1599 stoc
888 1529 977 1588 titettt

286 1612 412 1669 Exultat
436 1606 525 1688 [uiso]
549 1616 647 1672 tessus
670 1621 696 1672 et
718 1616 780 1684 ipse
802 1614 922 1685 quidem.

201 1695 299 1752 Similis
322 1693 487 1769 subscriptio
508 1706 549 1754 est
573 1697 699 1755 editionis
722 1705 847 1758 uetustae
871 1691 930 1771 (iol.
952 1715 974 1754 s.
996 1715 1019 1754 a.
1037 1706 1065 1758 et
1079 1697 1128 1772 l.):

136 1808 146 1823 -
243 1779 301 1836 Hic
323 1796 386 1838 mett
409 1782 444 1838 de
464 1799 558 1853 prora
572 1772 610 1841 ¹in
630 1785 712 1843 littus
733 1786 860 1840 iactetur
882 1789 1016 1855 opertum

243 1866 398 1928 Ancborrt:
416 1883 517 1938 pareto
541 1868 650 1926 rodant
671 1869 810 1928 ducentia
833 1869 900 1925 uela
921 1867 1050 1939 fustium

200 1947 239 2004 Ex
259 1949 357 2008 isidori
379 1950 605 2025 etymologiarum
628 1951 697 2011 libro
713 1951 903 2011 Caesenatarrsi
918 1969 940 2011 s.
958 1952 1002 2008 VIi
1025 1955 1127 2027 scripto

201 2026 337 2090 Fabricius
360 2033 425 2092 hibi.
449 2035 495 2092 lat.
519 2036 589 2095 nied.
614 2038 673 2098 aeui
695 2035 865 2096 1111190tt.
882 2035 1051 2110 subscriptos
1075 2038 1127 2094 bos
1223 2058 1226 2069 ¹

201 2134 297 2174 uersus
320 2113 481 2194 iaudat:**)

248 2204 281 2260 tit
306 2197 376 2280 [ert]
400 2206 486 2262 labor
508 2209 644 2278 apricatis
664 2207 857 2278 proscindere
880 2222 996 2268 uomere
1019 2213 1126 2278 terras,

243 2290 296 2347 Est
318 2289 387 2345 mibi
408 2292 587 2349 arundine-us
609 2293 741 2350 caicamus
762 2293 882 2351 dulcore
904 2292 1033 2348 nauales.

243 2373 298 2431 Itte
322 2376 407 2430 etiam
430 2381 522 2432 tostas
545 2378 709 2448 concendat
731 2391 855 2437 eernere
877 2391 999 2434 messes.-

243 2457 291 2513 Sie
314 2454 342 2516 et
364 2473 415 2530 epo
436 2461 524 2530 finem
546 2461 618 2517 tecto
642 2463 818 2520 concludere
840 2455 947 2536 cenred
975 2455 1000 2536 ].

158 2540 259 2608 Quibus
282 2559 344 2598 eum
366 2543 507 2601 manifeste
529 2543 654 2602 librarius
678 2562 788 2619 operam
810 2545 925 2617 steterit,
949 2553 979 2600 ut
1001 2544 1126 2604 decanta·

157 2635 211 2681 tam
233 2626 305 2682 iilam
328 2643 389 2685 cum
412 2636 493 2683 nauta
515 2631 734 2702 conparationem
764 2632 892 2702 uariaret,
916 2646 994 2703 quam
1017 2637 1126 2686 uetusta

155 2712 202 2767 iiia
223 2713 269 2782 sit,
293 2713 357 2768 satis
380 2711 513 2785 proditur.

156 2795 480 2870 HRclrdigcrianus
502 2797 529 2852 11
551 2799 624 2872 sign.
649 2798 773 2872 814,4
797 2817 820 2856 s.
836 2799 928 2874 xipxtt
945 2791 1010 2870 (non
1032 2815 1054 2854 s.
1071 2795 1124 2872 XV)

200 2881 263 2937 olim
287 2883 443 2937 monasterii
466 2881 557 2940 Sancti
572 2882 707 2940 Michaelis
730 2886 756 2940 in
773 2877 973 2958 Hildesbeim*)
998 2881 1126 2938 soliorum

201 2966 250 3022 77.
280 2965 300 3021 i.
319 2965 379 3022 74⁸
391 2959 443 3022 eth
459 2966 513 3023 duo
529 2967 574 3023 ttia
589 2969 779 3042 epigrammata
795 2971 924 3042 inscripta
939 2975 1013 3038 sunt,
1029 2965 1125 3040 quibus

201 3058 328 3107 tractatus
352 3049 385 3106 de
408 3053 501 3108 metris
524 3051 656 3116 hostiariis
684 3053 845 3112 subiunctus
869 3062 911 3110 est
934 3052 951 3108 i.
970 3045 1031 3108 'idi’
1055 3045 1124 3108 tib.

199 3137 270 3192 bunc
293 3143 320 3192 et
342 3137 460 3208 priorem
483 3137 541 3210 ipse
563 3139 676 3194 contuli.

224 3281 251 3348 ²⁸)
271 3284 348 3334 cuius
358 3285 547 3339 bibliothecae
561 3285 661 3336 dudum
673 3287 817 3352 dispersae
830 3286 895 3336 libri
908 3285 1011 3352 passim
1030 3297 1126 3334 occur·

157 3358 234 3412 runt,
270 3356 302 3401 ut
330 3352 470 3406 Prisciani
498 3355 584 3406 codex
614 3353 873 3420 Guslpherbyienus
909 3369 989 3418 quem
1017 3351 1127 3403 Keilius

157 3421 280 3474 Gramm.
303 3420 346 3470 III
372 3424 421 3472 tot
446 3422 605 3488 descripsii;
636 3422 720 3473 elium
748 3423 814 3475 bibi.
844 3422 962 3488 capituli
983 3419 1128 3472 Treuerici

155 3491 241 3540 habet
255 3504 281 3540 n.
298 3491 313 3538 6
326 3503 347 3538 s.
358 3490 412 3540 XII
427 3491 457 3542 in
471 3491 512 3543 8⁰.
548 3487 586 3556 **)
598 3507 700 3542 uomere
712 3493 884 3555 proscindere
899 3507 944 3556 up.
959 3489 1126 3562 Fabricium.
