2494 3902
593 219 625 260 VI

167 367 275 434 oenc
288 365 646 432 esacacenrnurou
661 343 1092 449 arianorumque

166 451 330 523 tuitio(
342 450 550 522 (ῸΕΘΟΔΟΕ
565 466 592 512 et
608 449 806 518 ΜΕΘΟΔΟ(
817 449 1027 533 romunt)
1039 449 1092 514 ΟΝ

164 544 222 602 39⁶
245 529 479 614 ΕΡωΝΕΙΑ*).
523 541 692 616 Frequenter
719 543 747 596 in
780 541 856 600 libris
885 543 968 600 sacris
996 541 1094 597 t-lll

164 644 253 702 usque
284 627 316 683 ad
339 628 434 684 t11³
459 629 531 683 inter
552 626 637 682 lineas
668 634 748 700 atque
777 635 895 702 utroque
918 629 947 684 in
975 627 1097 701 margine

162 713 291 786 longiora
308 711 550 787 interpretamenta
565 711 683 782 adiecta;
699 727 812 786 prorsus
828 715 866 769 eis
883 719 957 770 caret
979 711 1097 785 epistula

163 797 197 852 de
220 794 273 852 lide
296 797 452 868 christiana,
475 795 602 852 breuiora
617 798 716 870 passim
738 797 765 851 in
781 798 969 854 consolatione
996 796 1094 870 legun·

166 890 220 954 tur,
239 889 269 938 ut
281 881 300 941 l.
320 877 382 940 15b
397 877 448 942 Π.
461 890 488 938 et
501 923 507 937 .
522 875 547 940 Θ
565 873 805 941 ΘΕωΡΗΤΙΚΗ
822 878 870 942 et
882 869 1093 944 ΠΡΑΚΤΙΚΗ

162 969 346 1040 speculatiuae
375 975 402 1024 et
430 970 539 1024 uotiua.
576 967 756 1040 maximopere
785 966 866 1026 doleo
896 966 969 1041 qnod
997 981 1094 1022 eorum

97 1063 100 1068 ‘
165 1068 221 1107 non
242 1051 322 1125 plura
344 1052 484 1126 descripsi.
518 1051 663 1108 theotiscos
680 1050 787 1126 glossas
804 1069 872 1128 quae
894 1067 995 1128 paucae
1017 1058 1093 1120 suut⁷

164 1135 308 1210 Diocenus)
334 1137 511 1210 exscripsisse
532 1151 562 1192 se
584 1135 612 1191 in
636 1135 726 1192 ironte
749 1135 810 1194 libri
832 1137 905 1194 dicit.

203 1220 234 1276 ln
247 1221 447 1297 orthographia
468 1219 661 1277 constituenda
677 1221 750 1276 hunc
765 1223 879 1278 maxime
902 1219 1000 1282 librum
1015 1235 1093 1275 secu·

118 1310 122 1318 “
162 1314 209 1363 tus
224 1322 293 1378 sum,
311 1315 342 1362 ut
365 1307 580 1362 uetustissimum
602 1314 683 1378 atque
706 1307 794 1362 minus
811 1307 908 1363 ceteris
930 1321 991 1362 curn
1013 1301 1094 1360 libra·

164 1393 268 1448 riorum
301 1392 406 1448 incuria
434 1399 493 1446 tum
521 1389 748 1464 interpolatornm
781 1389 894 1448 leuitate
921 1396 1093 1463 corruptum.

162 1477 261 1550 Recepi
290 1479 375 1551 igitur
404 1489 557 1548 quaecum
585 1475 712 1530 boetiano
741 1491 809 1540 aeuo
838 1475 984 1532 conuenire
1017 1471 1094 1528 uide·

101 1635 107 1639 η
162 1561 276 1630 bantur3
300 1577 368 1634 quae
384 1577 416 1614 ex
438 1559 638 1632 posterioribus
661 1557 775 1628 saeculis
799 1561 973 1635 inrepserunt
988 1566 1092 1614 tantum

161 1662 216 1701 non
232 1646 322 1700 omnia
337 1646 363 1701 in
380 1644 452 1700 notis
468 1643 587 1700 exhibui.
616 1650 644 1699 at
658 1645 828 1718 praetermisi
851 1645 954 1702 leuiora
970 1643 1052 1698 uelut.
1063 1657 1093 1696 ae

162 1738 190 1785 et
211 1747 233 1805 g
248 1737 403 1786 conmutata
425 1727 490 1800 (non
510 1743 603 1784 raroe
625 1745 675 1804 pro
698 1745 729 1784 ae
750 1727 800 1786 alia
816 1747 851 1786 m.
876 1730 902 1786 in
921 1727 1092 1804 coornent),

163 1815 228 1870 ico
257 1814 439 1888 similiaque
469 1813 496 1868 in
525 1829 554 1868 re
582 1829 643 1870 cum
673 1811 783 1870 dubium
813 1823 886 1870 esset
914 1811 1014 1869 lineola
1042 1811 1095 1866 ista

163 1906 254 1954 utrum
276 1915 300 1956 n
323 1915 355 1954 an
377 1915 413 1956 m
438 1895 658 1972 significaretur,
687 1898 714 1953 in
743 1915 795 1954 con
823 1897 931 1954 nonnisi
959 1898 997 1954 eis
1026 1897 1094 1952 locis

165 1984 193 2038 in
216 1990 293 2039 testu
316 1983 426 2056 reposui
450 1981 495 2037 ubi
518 1982 544 2038 id
568 1981 693 2038 omnibus
716 1981 817 2038 litteris
839 1985 868 2038 in
884 1983 994 2056 optimis
1016 1979 1094 2036 libris

165 2075 279 2140 extaret,
303 2076 384 2144 atque
407 2067 460 2123 hoc
481 2067 519 2122 ita
547 2083 578 2123 se
600 2066 699 2124 habere
729 2067 892 2126 testimoniis
921 2065 1045 2124 codicum
1066 2067 1095 2120 in

164 2154 237 2210 notis
260 2152 403 2226 adscriptis
419 2151 511 2223 docui,
533 2151 701 2226 eandemque
722 2153 855 2208 rationem
877 2153 905 2207 in
926 2150 984 2207 aliis
1008 2152 1095 2206 minu·

165 2239 229 2295 tulis
252 2237 335 2294 rebus
359 2235 577 2312 orthographicis
606 2246 718 2293 secutus
748 2251 819 2306 sum,
849 2244 879 2290 ut
907 2251 963 2292 non
991 2233 1093 2290 discre-

163 2323 281 2396 pantiam
303 2322 353 2378 sed
374 2337 537 2378 consensum
559 2322 653 2396 potius
674 2318 808 2378 librorum
839 2319 911 2375 inira
937 2317 1093 2376 indicarem.

248 2405 440 2463 Correctorum
471 2421 565 2461 manus
594 2422 673 2479 quam
702 2421 784 2480 saepe
813 2404 857 2461 hic
886 2420 997 2480 quoque
1025 2401 1093 2458 liber

163 2509 261 2566 passus
284 2493 339 2562 sit,
362 2507 395 2548 en
417 2491 490 2546 notis
512 2487 625 2564 patebit.
655 2488 814 2546 Discernere
836 2496 942 2562 autem,
970 2486 1035 2563 quid
1057 2488 1093 2542 sit

162 2575 282 2648 librarii,
305 2575 368 2648 quid
390 2574 470 2649 primi
492 2576 655 2631 correctoris
679 2573 723 2630 uel
744 2577 939 2648 posteriorum,
961 2589 1014 2648 ego
1037 2588 1093 2628 non

162 2677 269 2736 semper
292 2660 370 2735 potui
392 2676 442 2716 nec
464 2661 528 2716 satis
558 2659 648 2716 mirari
669 2675 781 2732 possum
805 2658 948 2716 doctorum
971 2673 1093 2733 quorun-

163 2747 222 2802 dam
245 2747 386 2806 bominnm
408 2760 468 2800 acre
491 2743 633 2819 ingenium
655 2744 772 2801 acriores
796 2742 907 2815 oculos,
932 2741 1029 2817 quibus
1060 2757 1092 2797 ex

163 2831 309 2887 leuissimis
326 2829 477 2886 litterarum
493 2830 691 2903 atramentique
708 2827 904 2885 discriminibus
927 2829 992 2884 satis
1009 2824 1092 2883 liden-

163 2923 206 2971 ter
229 2914 390 2990 dignouisse
412 2913 463 2969 sihi
485 2921 681 2989 persuaserunt
703 2914 791 2970 uarias
815 2915 949 2969 uariarum
973 2907 1092 2969 aetatum

163 3016 268 3056 manus.
299 2999 385 3073 lgitur
400 2999 561 3073 plerumque
573 3001 639 3056 satis
655 2998 744 3070 habui,
763 2996 827 3073 quid
850 2998 991 3072 scripserit
1013 2995 1092 3052 libra·

163 3085 220 3141 rius
244 3085 297 3142 hoc
319 3085 399 3158 signo
422 3077 471 3154 ΤῙ,
494 3083 559 3156 quid
582 3101 614 3140 ex
637 3091 792 3142 correctura
813 3083 968 3158 proiectum
989 3081 1025 3137 sit
1047 3073 1092 3138 T²

164 3169 298 3242 indicare3
322 3167 487 3242 aliquotiens
508 3170 646 3241 arrtiquam
669 3185 729 3224 esse
758 3184 864 3225 manunt
888 3176 934 3224 ant
956 3174 1093 3248 recentem

209 3386 235 3449 *)
256 3399 330 3448 quae
353 3383 424 3436 unde
447 3383 608 3450 deprompta
629 3385 686 3435 sint
704 3385 813 3446 nesci03
837 3385 983 3436 nonenim
1001 3383 1093 3434 omnia

119 3455 255 3520 leguntur
271 3452 302 3502 in
322 3451 403 3502 editis
422 3451 502 3502 libris
515 3452 593 3503 uelut
605 3446 720 3513 κυπτός.
740 3445 905 3518 deputatos
926 3449 1093 3516 uocabulum

119 3522 243 3572 occurrit
262 3518 336 3585 apud
353 3517 492 3570 Walnium
510 3519 524 3570 I
542 3521 592 3572 602
610 3521 767 3574 s111599.
