2388 3910
410 200 703 254 CONSOLATIOMS
725 201 754 255 11
1007 203 1049 267 37

14 369 15 372 ’
67 389 133 432 rum
167 369 370 450 pulchritudo
399 372 528 434 deiectat
560 406 603 418 -—
636 372 759 453 quidni?
788 382 834 434 est
867 376 948 435 enim
980 376 1047 453 pul·
1062 385 1088 433 se

66 457 217 517 cherrimi
252 459 354 536 operis
382 457 508 535 pulchra
539 459 645 536 portio.
695 460 739 520 sie
772 459 921 538 quondam
949 462 1050 521 sereni

65 543 161 602 maris
184 541 270 603 facie
292 543 470 622 gaudemus:
494 544 537 604 sic
560 542 674 604 caelum
698 544 796 605 sidera
818 544 920 606 lunam
941 546 1049 606 solem·

7 673 9 704 p
65 645 122 706 que
144 629 304 688 miramur
327 661 370 673 -
395 646 467 690 num
489 636 520 689 te
543 628 650 689 borum
675 628 787 708 aliquid
811 630 946 709 attingit,
976 648 1048 691 num

65 712 159 773 audes
194 712 328 775 alicuius
357 713 461 774 talium
496 713 654 793 quendem
689 713 829 792 gloriari?
878 733 915 776 an
943 717 1048 776 uernis

63 795 196 859 floribus
228 798 296 877 ipse
326 798 523 877 distingueris
551 806 602 860 aut
631 805 680 859 tua
707 800 739 859 in
773 799 902 861 aestiuos
932 797 1048 862 tructus
1062 809 1088 853 ⁸⁵

4 877 9 938 i·
64 884 252 944 intumescit
285 882 430 944 ubertas?
479 881 555 953 Ouid
590 882 729 945 inanibus
761 883 883 963 gaudiis
912 884 1050 964 raperis?

4 971 7 1042 ξ
65 968 139 1048 quid
165 975 298 1030 externa
321 967 399 1030 bona
421 986 477 1048 pro
499 970 561 1030 tuis
583 966 779 1049 amplexaris?
814 985 976 1049 numquam
999 977 1050 1031 tua

4 1054 6 1093 i
64 1052 157 1114 faciet
180 1069 255 1114 esse
277 1055 397 1116 fortuna
413 1071 489 1133 quae
512 1071 529 1114 a
551 1061 581 1114 te
603 1062 709 1115 natura
730 1071 833 1115 rerum
855 1055 927 1116 iecit
942 1054 1048 1116 aliena.

1 1126 9 1187 ἶ
68 1136 242 1199 Terrarum
265 1138 389 1218 quidem
410 1139 528 1201 fruetus
543 1141 738 1200 animantium
755 1139 860 1218 procul
883 1138 975 1201 dubie
997 1139 1049 1200 de·

4 1228 6 1268 7
66 1221 179 1284 hentur
211 1223 376 1285 alimentis.
422 1224 473 1285 sed
497 1224 538 1294 si,
562 1223 641 1304 quod
664 1233 790 1286 naturae
815 1226 889 1286 satis
916 1231 975 1294 est,
1001 1241 1048 1285 re·
1063 1235 1089 1277 ⁴0

2 1316 6 1397 ,ζ
65 1307 149 1387 plere
174 1308 382 1387 indigentiam
397 1308 489 1380 uelis,
512 1307 588 1369 nibil
611 1317 656 1369 est
671 1307 751 1389 quod
766 1309 903 1370 fortunae
924 1308 1049 1370 affluen-

4 1411 9 1434 Γ
68 1394 141 1454 tiam
170 1401 273 1472 petas.
317 1395 421 1474 paucis
444 1395 524 1454 enirn
553 1394 746 1473 minimisque
775 1400 881 1455 natura
910 1403 1050 1455 contenta

2 1495 6 1549 4
69 1485 129 1538 est:
155 1480 252 1540 cuius
274 1481 442 1540 satietatem
465 1480 490 1540 si
513 1477 676 1559 superfluis
690 1495 800 1556 urgere
816 1478 907 1548 uelis,
930 1487 982 1539 aut
1003 1480 1049 1538 in·

67 1563 241 1626 iucundum
270 1563 350 1643 qnod
377 1563 526 1625 infuderis
552 1565 604 1624 fiet
630 1571 681 1625 sut
708 1565 843 1624 noxium.
886 1563 947 1625 lam
975 1580 1076 1624 uere

3 1676 6 1709 ι
69 1648 236 1726 pulchrum
253 1651 348 1711 uariis
366 1649 482 1727 fulgere
498 1647 635 1710 uestibus
648 1657 751 1729 putas:
775 1667 902 1729 quarum
925 1651 951 1710 si
965 1656 1049 1728 grata
1062 1657 1088 1698 *ὅ

3 1760 8 1808 3
71 1733 187 1796 intuitu
212 1735 334 1814 species
355 1741 416 1803 est,
441 1741 492 1794 aut
513 1735 659 1794 materiae
674 1741 812 1795 naturam
828 1743 878 1796 aut
894 1736 1050 1814 ingenium

4 1819 8 1886 r
72 1817 212 1881 mirabor
236 1820 371 1881 artificis.
421 1819 465 1880 bn
492 1835 567 1880 uere
592 1827 622 1880 te
645 1819 751 1898 longus
773 1819 847 1881 ordo
869 1819 1049 1881 famulorum

4 1917 6 1925 ’
72 1901 144 1964 facit
167 1921 238 1966 esse
267 1904 409 1966 felicem?
457 1906 509 1984 qui
532 1906 558 1965 si
581 1905 683 1966 uitiosi
712 1903 848 1965 moribus
878 1907 953 1978 sint,
981 1921 1049 1986 per-

4 1984 9 2066 ζ
73 1989 190 2051 niciesa
214 1990 321 2051 domus
342 1990 459 2051 sarcina
483 1997 513 2050 et
541 1989 601 2066 ipsi
623 1989 743 2050 domino
772 1989 968 2052 uehementer
990 1991 1048 2051 ini·

2 2135 4 2152 ζ
73 2075 169 2136 mica:
203 2077 251 2136 sin
279 2092 354 2135 uero
380 2071 483 2155 probi,
520 2091 648 2154 quonam
677 2072 766 2135 modo
795 2078 825 2136 in
854 2077 913 2136 tuis
940 2073 1087 2153 opibusw

4 2219 6 2227 ,
75 2156 170 2220 aliena
195 2157 334 2240 probitas
356 2158 582 2222 numerabitur?
611 2159 655 2220 Ex
678 2156 788 2239 quibus
810 2158 950 2220 omnihus
972 2157 1049 2220 nihil

3 2287 4 2296 a
74 2239 183 2306 herum
214 2262 291 2326 quae
321 2254 355 2306 tu
377 2246 409 2306 in
430 2246 491 2306 tuis
513 2252 658 2321 conputas
680 2241 768 2306 bonis
790 2250 873 2304 tuum
901 2261 967 2306 esse
995 2242 1048 2304 ho·

2 2331 3 2341 ’
74 2344 144 2390 num
159 2329 278 2410 liquido
293 2336 488 2392 monstratur.
519 2327 636 2400 Quibus
658 2330 685 2390 si
707 2327 785 2390 nihil
807 2331 886 2391 inest
908 2339 1049 2410 appeten·

2 2422 7 2476 ὲ
76 2412 128 2474 dae
144 2414 397 2496 pulchritudims,
413 2413 486 2495 quid
502 2414 642 2494 estquod
665 2413 715 2474 uei
737 2415 854 2476 amissis
877 2413 977 2476 doleas
999 2413 1049 2475 uel
1077 2447 1080 2452 -

1 2520 4 2546 ›
75 2495 200 2561 laeteris
222 2500 369 2562 retentis?
390 2499 469 2580 quod
493 2501 520 2561 si
544 2509 648 2560 natura
670 2499 794 2580 pulchre
818 2509 899 2570 sunt,
922 2499 995 2580 quid
1018 2498 1048 2559 id
1062 2509 1088 2550 ⁵⁶

2 2611 3 2623 κ
76 2589 126 2644 tua
153 2585 270 2648 refert?
319 2601 387 2646 nam
416 2585 491 2646 baec
518 2601 573 2664 per
601 2601 633 2646 se
660 2603 677 2645 a
705 2587 764 2646 tuis
793 2601 912 2663 quoque
941 2583 1050 2663 opibus

1 2687 4 2758 p
77 2678 265 2749 sequestrata
286 2670 478 2750 placuissent.
524 2669 626 2749 Neque
650 2671 729 2730 enim
751 2668 865 2730 ideirco
888 2675 958 2730 sunt
979 2686 1048 2749 pre-

2 2759 5 2812 t
77 2755 167 2826 tiesa,
193 2755 274 2836 quod
302 2757 335 2816 in
358 2762 424 2816 tuas
446 2771 558 2816 uenere
581 2755 716 2824 diuitias,
740 2753 792 2815 sad
815 2755 957 2833 quoniam
979 2770 1049 2833 pre·
1087 2779 1090 2784 ·

79 2837 154 2902 tiosa
177 2839 374 2912 uidebantur,
404 2840 465 2901 tuis
488 2857 523 2901 ea
546 2839 660 2901 diuitiis
683 2855 881 2900 annumerare
903 2838 1047 2899 maluisti.

79 2920 155 2994 Quid
179 2936 279 2988 autem
302 2933 385 2986 tanto
407 2925 546 2986 fortunae
561 2926 689 3004 strepitu
704 2923 901 2985 desideratis?
929 2922 1047 3004 Fugare
1062 2936 1087 2978 ao

147 3215 180 3266 33
208 3212 331 3280 adtingit
353 3211 382 3263 K
460 3213 494 3263 36
520 3213 648 3276 ubersras
669 3211 697 3276 (τ
715 3215 760 3272 at,
786 3208 889 3276 aemi)
911 3211 934 3259 Τ
1015 3211 1048 3258 41

2 3295 3 3312 ³
115 3282 240 3334 ueritiam
260 3281 283 3331 T
360 3283 394 3332 43
417 3279 510 3332 saciat.
532 3281 556 3331 T
576 3279 581 3344 Ι
603 3295 721 3347 urguere
740 3279 765 3330 Ε
789 3278 794 3345 Ι
817 3280 900 3329 iniue.
923 3277 946 3326 Τ
966 3276 1049 3327 iniec.

114 3347 134 3398 K
191 3351 225 3402 46
243 3346 353 3417 speciei
366 3353 417 3401 aut
434 3346 603 3416 (estem.)K
663 3349 696 3399 4?
714 3347 813 3413 longos
831 3345 865 3394 T¹
934 3344 1047 3410 48per·

36 3411 39 3420 ’
114 3415 178 3469 tiosa
196 3435 218 3470 ω
291 3420 325 3470 49
343 3417 448 3468 sartins
464 3415 490 3467 E
559 3418 591 3469 52
611 3416 737 3482 coin
803 3416 835 3466 5³
853 3407 935 3478 inest]
955 3414 983 3461 in
1003 3429 1049 3467 om.

174 3539 205 3590 57
223 3495 276 3602 {iq
295 3533 393 3593 aemm
414 3536 437 3586 r
505 3537 539 3588 ae
556 3509 725 3588 dernensis
740 3533 768 3583 rr
