2458 3912
198 177 240 242 22
547 177 823 231 pernoscemus

200 370 265 412 esse
289 369 335 410 me
359 353 451 411 sciam
469 349 615 411 rationale
631 349 740 411 animal
757 357 845 430 atque
869 349 1013 410 mortale?
1053 349 1138 410 Scio
1163 357 1193 406 et.

161 454 186 495 as
200 437 229 497 id
253 454 301 496 me
325 433 390 507 e‘sse
407 437 564 497 confiteor.
594 435 632 496 itt
647 432 713 496 illa:
737 434 857 496 Nihilne
880 433 958 495 aliud
982 441 1012 496 te
1035 451 1116 495 esse
1133 452 1192 494 no·

198 521 291 583 uisti‘l
320 521 359 581 B.
384 521 475 582 Nihil.
505 522 539 581 P.
563 519 625 582 lam
641 524 719 589 seio,
743 522 857 601 inquit,
880 519 979 580 morbi
994 522 1061 589 tui,
1093 519 1191 580 aliam

198 606 249 667 uel
265 607 425 670 maximam
441 623 577 668 causam:
593 607 665 686 quid
681 607 746 686 ipse
762 607 819 676 sis,
835 623 924 666 nosse
939 605 1060 669 desisti.
1085 623 1191 684 qaaere

199 692 374 773 plenissime
403 691 450 753 uel
480 692 680 771 aegritudinis
708 699 778 753 tuae
807 692 956 752 rationem
978 689 1027 751 uel
1061 691 1190 751 aditmn

198 777 440 840 reconciliandae
455 779 608 858 sospitatis
631 779 746 838 inueni.
776 775 852 837 Nam
868 776 1011 857 quoniam
1031 777 1087 836 tui
1106 774 1190 836 obli·

159 880 185 922 so
199 865 290 924 uione
307 862 518 932 contunderis,
542 871 572 923 ct
596 862 729 924 exsulem
744 868 772 921 te
792 868 823 922 et
838 861 1021 940 expoliatum
1036 863 1188 942 propriis

198 949 287 1009 bonis
307 965 373 1008 esse
397 947 531 1008 doluisti.
567 950 707 1028 quoniam
728 965 801 1008 uero
824 949 893 1025 quis
913 950 952 1009 sit
973 964 1087 1006 rerum
1115 947 1189 1007 linis

198 1035 334 1111 ignoras,
358 1051 487 1112 nequam
509 1033 647 1100 hemines
669 1041 759 1112 atque
782 1033 915 1092 nefarios
940 1039 1089 1110 potentes
1113 1031 1186 1092 feli·

198 1136 309 1198 cosque
333 1118 501 1179 arbitraris.
545 1121 689 1200 quoniam
711 1135 786 1178 uero
815 1116 926 1198 quibus
954 1115 1186 1194 gubernaculis

198 1203 327 1265 mundus
349 1212 472 1281 regatur
494 1202 607 1265 oblitus
629 1222 674 1280 es,
694 1203 747 1264 bas
762 1202 953 1264 fortunarum
969 1203 1060 1262 uices
1086 1205 1184 1263 aesti-

159 1305 184 1347 ra
198 1307 263 1350 mas
293 1292 358 1350 sine
393 1296 511 1350 rectore
547 1289 682 1350 fluitare:
717 1305 841 1366 magnae
869 1306 929 1349 non
963 1285 999 1348 ad
1029 1287 1185 1348 morbum

198 1373 305 1444 modo,
330 1391 436 1435 uerum
460 1375 496 1436 ad
520 1375 678 1435 interitum
701 1391 820 1454 quoque
844 1390 968 1441 causae:
999 1372 1062 1450 sed,
1080 1376 1186 1452 sospi-

196 1461 268 1522 tatis
291 1460 409 1521 auctori
431 1467 545 1537 grates,
568 1458 647 1541 quod
669 1467 700 1519 te
722 1457 856 1520 nondum
870 1465 968 1519 totum
984 1466 1103 1519 natura
1128 1458 1183 1518 de-

198 1546 306 1605 stituit.
337 1542 488 1604 Habemus
502 1545 666 1606 maximnm
688 1551 757 1605 tuae
779 1543 915 1604 fomitem
937 1541 1042 1604 salutis
1067 1561 1182 1604 ueram

197 1628 234 1690 de
258 1628 364 1689 mundi
387 1628 604 1706 gubernatione
626 1630 821 1698 sententiam,
844 1628 924 1709 quod
947 1645 1014 1690 eam
1036 1645 1103 1688 non
1127 1647 1182 1689 ca·

158 1729 185 1771 ao
198 1731 263 1775 sum
292 1715 471 1785 temeritati,
501 1714 553 1776 sed
582 1714 704 1776 diuinae
732 1715 844 1776 rationi
878 1711 1030 1775 subditam
1060 1713 1182 1776 credis.

197 1797 280 1859 Nihil
304 1801 397 1878 igitur
418 1801 627 1878 pertimescas.
656 1801 715 1860 iam
738 1798 795 1860 tibi
819 1816 855 1859 ex
877 1799 934 1862 hac
949 1799 1077 1860 minima
1093 1801 1181 1859 scin-

195 1883 291 1945 tillula
315 1884 416 1946 uitalis
438 1885 519 1946 calor
541 1884 694 1946 inluxerit.
734 1883 793 1945 Sed
816 1884 958 1964 quoniam
979 1883 1177 1944 firmioribus

197 1968 339 2030 remediis
362 1968 494 2030 nendum
518 1978 636 2050 tempus
659 1977 758 2031 estet
786 1986 852 2031 eam
880 1971 1029 2030 mentium
1051 1977 1180 2030 constat

196 2072 264 2116 esse
286 2060 442 2124 naturam,
468 2062 499 2115 ut
523 2056 664 2136 quotiens
685 2053 855 2116 abiecerint
869 2071 974 2124 ueras,
997 2053 1087 2114 falsis
1109 2057 1179 2131 opi·
1214 2066 1218 2074 ·

157 2155 183 2197 55
198 2137 341 2201 nionibus
374 2140 552 2209 induantur,
593 2159 629 2201 ex
662 2139 773 2220 quibus
806 2147 872 2200 orta
904 2137 1179 2218 perturbationum

196 2225 294 2304 caligo
317 2244 423 2287 uerum
446 2223 535 2287 illum¹
553 2224 712 2286 contundit
734 2227 892 2295 intuitum,
916 2223 993 2286 hanc
1015 2223 1179 2304 paulisper

195 2306 315 2370 lenibus
343 2309 606 2392 mediocribusque
637 2311 779 2371 lomentis
813 2315 971 2371 attenuare
1003 2307 1177 2389 temptabo,

195 2399 229 2452 ut
256 2393 377 2460 dimotis
404 2395 556 2456 fallacium
574 2395 776 2462 ,affectionum
811 2393 947 2456 tenebris
976 2393 1176 2474 splendorem

196 2495 286 2538 uerae
309 2476 386 2539 lucis
408 2481 505 2556 possis
528 2497 701 2558 agnoscere.

346 2665 397 2726 Vll
441 2664 580 2727 Nubibus
603 2668 677 2727 atris

441 2751 565 2813 Condita
589 2750 703 2812 nullum

439 2836 579 2898 Fundere
602 2843 728 2916 possunt

265 3074 297 3122 35
316 3070 391 3122 aliud
409 3078 436 3120 ta
459 3072 505 3121 ΤΕ
523 3076 551 3122 te
570 3072 646 3122 aliud
663 3073 692 3122 K
759 3075 792 3124 39
810 3071 967 3154 rodfliando
986 3069 1012 3134 (i
1020 3072 1048 3121 in
1064 3071 1133 3136 raa.)
1148 3073 1178 3122 K

193 3172 514 3224 40exlulem1'exulem
525 3172 579 3223 ΕΚ
593 3170 736 3240 leupoldi
787 3175 819 3224 41
832 3154 878 3240 qln
890 3173 986 3240 quiiK
1036 3172 1175 3226 455οωί-

193 3273 285 3325 nirT¹
336 3277 370 3325 44
389 3273 549 3325 aestimata»
600 3277 633 3325 4⁷
651 3271 868 3339 tildumat.c.T
905 3251 949 3325 '47
968 3233 1071 3328 ᾶεωταίῐ
1090 3273 1119 3340 (e
1138 3293 1175 3326 eac

192 3379 218 3438 a,
237 3375 357 3441 naar
410 3377 444 3426 ao
463 3380 553 3432 carum
570 3377 593 3428 r
609 3376 783 3428 caruimus
839 3378 871 3428 aa
889 3377 937 3428 ant.
954 3377 978 3426 r
1033 3343 1177 3430 53555(1ιῖ

193 3446 221 3495 K
290 3447 323 3496 54
341 3445 490 3496 abiecirint
507 3442 553 3511 ΕΙ
572 3459 640 3495 uera
658 3445 684 3494 Ε
756 3446 789 3496 57
808 3442 948 3510 folmentii
968 3446 992 3495 Τ
1064 3447 1099 3498 58
1118 3446 1174 3498 fal·

193 3509 262 3563 latit
278 3513 307 3562 K
374 3514 406 3564 59
424 3527 490 3562 uere
513 3509 547 3561 T'
563 3509 568 3578 Ι
585 3515 731 3564 annoleere
749 3511 774 3561 Ε
