2458 3912
507 220 596 262 XXVH

142 375 352 432 Duodecimum
367 375 549 448 anapesticum
568 375 788 446 parhcmioeum
810 381 853 430 est
878 373 951 448 quod
967 390 1032 431 con·

44 466 108 516 stat
139 459 259 516 dimetro
288 458 454 514 catalectico.
498 475 564 514 usus
593 466 682 514 autem
711 459 763 514 hoc
792 474 893 532 genere
922 467 964 514 cst
992 458 1072 514 atsto

51 554 168 600 tantum
196 545 250 600 ita:
285 542 359 598 Felix
382 544 494 600 nimium
517 544 593 616 prior
615 551 698 600 aetas.
741 541 793 610 Qui
817 561 849 599 se
871 543 947 600 uolet
975 561 1034 600 esse

53 635 222 702 potentem.¹

13 718 17 724 '
149 714 279 770 Tertium
307 714 445 769 decimum
473 713 624 784 saphicum
658 715 857 778 cootmuatum
892 712 965 786 quod
993 711 1034 767 bis

2 790 8 885 1
54 797 156 854 solum
181 798 275 870 posuit
297 813 385 872 genus
408 799 459 853 ita:
497 797 628 854 Nouimus
657 806 769 870 quantas
800 795 906 852 dederit
934 798 1034 852 ruinas.

53 881 136 938 Bella
151 881 194 938 bis
218 882 307 956 quiuis
332 890 461 956 operatus
484 883 569 939 anais.
597 883 718 956 quamuis
740 881 768 936 ld
791 881 907 937 dimetro
930 883 1034 938 adonio
1048 893 1072 933 aa

3 986 9 1032 r
54 967 223 1022 termiuauit
245 969 296 1022 ita:
319 965 414 1023 Sidera
436 967 529 1024 donat.

3 1035 7 1068 ⁵
153 1051 298 1120 Quartum
320 1053 459 1108 decimum
480 1053 632 1108 iambicum
647 1052 855 1108 archilochium
878 1050 951 1124 quod
972 1067 1036 1107 con·

2 1071 11 1248 Ι
63 1142 122 1192 stat
146 1138 272 1192 trimetro
288 1135 435 1194 acatalecto
458 1135 592 1210 habetque
615 1135 766 1192 subiectum
788 1135 928 1192 iambicum
951 1135 1036 1191 arohi-

3 1249 5 1252 ·
57 1221 187 1276 lochium
221 1228 352 1278 constans
384 1221 499 1279 thimoteo
534 1221 679 1278 acatalecto
709 1237 761 1295 qua
793 1222 924 1276 uarietate
952 1220 1035 1277 semel

58 1307 153 1360 utitur
169 1314 275 1361 tantum
296 1307 342 1361 ita.
385 1305 551 1379 Quicumque
574 1304 660 1362 solam
682 1315 773 1361 mente
795 1305 933 1378 praecipiti
957 1306 1034 1378 petit.
1049 1310 1074 1349 ⁸⁰

57 1389 261 1464 Summamque
284 1390 370 1446 credit
393 1390 516 1464 gloriam.

3 1475 5 1484 ‘
151 1475 288 1542 &dutum
310 1476 449 1532 decimum
469 1475 609 1547 foliarum
631 1483 757 1530 constans
781 1473 868 1530 trihus
890 1473 993 1530 dactilis
1009 1482 1037 1528 et
1079 1481 1085 1494 ·

60 1559 206 1633 pyrrichio
230 1559 303 1632 quod
331 1561 358 1615 in
381 1577 436 1616 uuo
459 1567 563 1616 tautum
587 1559 650 1615 iecit
678 1558 739 1615 loco
762 1561 838 1616 euius
861 1565 903 1614 est
930 1559 1036 1614 initium
1071 1564 1073 1568 '

64 1645 134 1700 boc:
173 1642 225 1711 Qui
247 1659 338 1700 serere
360 1647 510 1719 ingenuum
532 1643 608 1700 taolet
629 1661 733 1718 agrum.

63 1748 69 1758 ·
151 1729 275 1786 Sextum
298 1731 436 1788 decimum
464 1731 616 1785 iambicum
645 1730 854 1786 archilochium
877 1726 949 1800 quod
972 1743 1036 1782 con·
1049 1741 1074 1780 aa

63 1821 131 1886 stat,
153 1823 281 1888 utsupra
296 1816 456 1886 memorant,
478 1815 602 1871 trimetro
627 1813 771 1870 acatalecto
794 1815 837 1870 cui
859 1813 972 1868 mixtum
995 1820 1036 1868 est

60 1902 227 1972 elcpiucum
248 1901 285 1954 ita
307 1906 435 1973 utsupra
450 1900 563 1972 exposui
586 1907 723 1955 constans.
756 1898 819 1954 iecit
843 1905 932 1952 autem
956 1896 1036 1952 talem

64 1984 227 2040 uarietatem
249 1983 334 2040 semel
356 1991 462 2040 tantum
485 1983 538 2039 hoc
560 1983 657 2039 modo·
687 1982 814 2050 Quamuis
837 1982 938 2038 [luente
960 1981 1035 2036 diues

62 2069 125 2124 auri
148 2069 271 2142 gurgite
307 2067 367 2123 Non
390 2067 544 2142 expleturas
567 2077 648 2142 cogat
669 2084 766 2123 auarus
790 2084 866 2141 opes,

142 2152 310 2224 Septimum
333 2155 472 2210 dammum
494 2163 522 2209 et
547 2153 718 2224 falleucium
745 2153 838 2225 posuit
866 2150 1036 2222 subiecitque
1051 2165 1075 2204 ao

64 2236 106 2293 illi
128 2239 296 2294 dactilicum
319 2239 528 2295 archilochium
552 2244 738 2294 tetrametrum
761 2235 944 2291 catalecticum
967 2249 1037 2288 eam·

65 2339 122 2396 que
145 2323 304 2380 uarietatem
327 2322 411 2379 semel
440 2329 569 2379 executus
599 2329 642 2378 est
669 2323 720 2376 ita·
759 2319 885 2387 Quamuis
913 2335 943 2374 se
965 2319 1036 2392 tyrio

63 2405 202 2480 superbus
238 2417 313 2464 ostro
350 2406 475 2464 Comeret
503 2415 531 2464 et
559 2407 645 2462 niueis
674 2405 781 2480 lapillis
819 2404 849 2460 lo
872 2421 926 2478 quo
949 2412 1037 2459 tamen

67 2507 117 2566 pro
151 2491 275 2564 spondeo
310 2493 369 2548 siue
403 2493 504 2549 dactilo
536 2490 682 2565 imparibus
715 2490 783 2546 locis
819 2490 959 2546 trocheum
992 2504 1036 2544 re-

67 2577 166 2650 peries.
1049 2585 1075 2627 aa

153 2661 422 2719 Duodeuicecimum
449 2663 614 2718 dactilicum
642 2664 817 2718 alemaniam
839 2666 966 2716 constans
991 2658 1038 2714 tri·

69 2753 158 2803 metro
186 2746 396 2821 ypercatalecto.
438 2746 653 2821 ypcrcataleotus
687 2762 754 2801 uoro
791 2754 833 2800 est
865 2759 962 2798 uersus
995 2743 1038 2796 cui

2 3169 9 3392 l

3 3419 8 3448 1

3 3453 12 3521 1

70 2847 121 2885 uua
130 2829 232 2904 syllaba
243 2840 369 2905 superest
380 2830 516 2904 habetque
527 2831 678 2887 subiectum
690 2827 740 2885 sibi
750 2830 943 2901 forecrutium
954 2825 1037 2900 quod,

70 2923 206 2988 utsupra
229 2917 386 2987 memoratri,
409 2915 531 2986 spondeo
555 2923 662 2973 constat
684 2924 712 2970 et
734 2913 832 2970 dactilo
856 2920 886 2969 et
905 2911 1036 2986 spondeo.

69 2998 145 3059 Sed
137 3016 165 3055 ιιι
189 2999 325 3058 hocloco
348 3017 398 3074 pro
421 3002 507 3074 primo
531 3001 653 3074 spondeo
676 3006 718 3055 est
740 2997 786 3054 ubi
801 3007 958 3073 anapestum
974 3013 1038 3054 con·
1052 3007 1089 3046 100

70 3093 110 3128 *aa
132 3085 284 3160 regulam
277 3103 305 3142 ιιι
328 3090 496 3150 centimetro
519 3085 665 3142 traditam'
657 3085 819 3147 raueoimus.
857 3083 949 3157 posuit
971 3097 1037 3137 uero

139 3319 349 3370 acesinum
420 3319 452 3369 lh
475 3317 597 3370 SellaM
679 3316 852 3382 opereturM
938 3316 971 3364 ’19
990 3314 1038 3362 tri·

131 3401 157 3436 ro
175 3386 210 3436 M
276 3387 386 3439 blittolo
405 3386 438 3436 M
461 3383 561 3452 petati
628 3385 661 3436 82
679 3385 826 3436 iambicum
854 3382 984 3433 laliacum
1008 3381 1039 3430 M

131 3453 192 3506 ecit
210 3459 317 3505 tantam
334 3454 395 3506 loeo
408 3455 448 3504 ita
468 3454 523 3516 Qua
535 3465 627 3505 serere
646 3451 663 3518 β
726 3454 780 3504 84
772 3465 922 3517 ingenuum
935 3447 1039 3515 etiamad

131 3519 339 3587 ucbiloicamtl
