2458 3912
608 221 679 261 nuti

161 393 183 432 e.
208 374 264 431 Xlll
289 379 334 442 (le
363 379 472 448 myroir
500 376 550 431 des
578 369 750 450 domines)*)
779 381 807 429 et
836 380 952 429 tractatu
980 371 1013 428 de
1037 387 1128 427 amore

161 461 304 534 conposito
322 478 347 517 c.
366 455 502 531 1450**)
518 461 564 534 qui
580 460 618 515 sic
632 459 740 532 incipit:
765 459 872 514 Amoor
887 465 945 529 est,
961 459 1017 514 dist
1032 459 1128 514 Boecc

55 575 60 581 ·
160 547 195 601 de
233 548 410 603 consolation
448 561 482 600 en
518 546 546 600 lo
582 547 624 616 fin
660 545 695 600 cle
732 559 782 600 son
816 544 926 599 second
942 545 1036 612 liure,
1074 557 1127 598 eoc-

162 631 361 685 celtentemeot
392 631 548 701 pre'cieuse
582 630 668 686 chose
698 635 779 684 entre
814 631 858 684 tes
893 634 1011 700 nostres,
1048 644 1128 698 pour

160 715 189 769 lo
224 703 427 770 conservulion
461 716 499 771 du
533 715 643 769 monde.
677 743 718 752 —-
750 711 787 766 Ex
815 719 895 768 cantu
924 710 958 767 de
987 713 1127 767 natiuitate

161 797 269 868 Christi,
292 800 339 873 qui
362 800 474 873 originis
498 798 608 872 gallicae
631 807 683 872 est,
708 798 771 852 haee
791 796 921 870 leguntur
944 813 1013 870 quse
1036 798 1126 852 nescio

160 898 191 938 ex
215 899 269 956 qno
292 883 362 938 libro
385 883 461 938 boeti
485 890 565 955 poeta
589 883 709 938 hauserit
732 881 782 952 (Du
808 881 883 936 nterii
905 879 1016 936 Podsies
1040 897 1125 954 popn-

161 967 241 1022 laires
267 966 347 1024 1847
371 985 397 1040 p.
422 966 487 1037 45):

406 1053 442 1108 Io
466 1053 519 1107 hoc
540 1051 622 1123 follit
645 1053 721 1122 quod
742 1053 839 1106 docuit

406 1138 526 1192 Boetius
541 1140 591 1208 qui
610 1139 719 1206 retulit,

406 1219 489 1287 Quod
509 1223 621 1292 mulier,
646 1225 671 1276 si
689 1224 814 1292 peperit,

406 1306 574 1362 Necessitas
596 1305 650 1362 hoc
673 1308 779 1378 arcuit,

407 1389 490 1458 Quod
512 1407 575 1446 enm
598 1395 662 1446 utro
684 1390 846 1445 concubuit.

245 1474 373 1529 ltnlornm
404 1477 507 1548 primns
541 1474 735 1529 Brnnettns
764 1472 908 1528 Latinus
937 1471 959 1541 t
990 1471 1071 1530 1294
1098 1475 1123 1527 in

160 1557 300 1631 uolgarem
323 1558 441 1632 linguam
465 1561 548 1614 uertit
571 1568 599 1612 et
622 1557 746 1613 Ouidium
770 1566 796 1613 et
820 1557 952 1614 Boetinm.
976 1557 1021 1628 (cf.
1047 1557 1123 1630 Voigt

160 1640 407 1716 Wiederbelebnng
430 1642 456 1696 d.
480 1643 522 1697 th.
546 1643 699 1698 hlterthnm
728 1661 753 1715 p.
779 1641 828 1714 10)
866 1640 1000 1697 Laudibus
1025 1641 1124 1698 extule-

159 1733 224 1780 runt
246 1726 370 1782 boetium
393 1727 516 1783 Brunctti
540 1727 663 1783 alumnus
687 1727 783 1782 Dentes
806 1726 900 1782 Parud.
925 1727 946 1780 X
976 1725 1036 1782 124
1059 1726 1122 1781 Boc·

161 1811 245 1865 cetius
268 1810 304 1866 De
327 1811 432 1867 casibus
449 1814 570 1867 uirorum
593 1812 740 1867 illustrium
755 1811 810 1866 Vlll
828 1811 866 1868 18
883 1810 991 1867 Geneol.
1014 1810 1123 1866 deorum

160 1892 228 1950 Xllll
244 1889 359 1967 20***)
379 1912 461 1968 qnare
477 1896 551 1970 qnod
567 1903 630 1970 post
653 1897 705 1951 hoc
728 1905 835 1969 tempus
858 1895 974 1951 initalia
991 1895 1036 1950 nbi
1051 1905 1125 1950 anteo

159 1977 284 2034 boetiano
307 1980 396 2035 studio
418 1997 512 2054 purum
541 1982 662 2056 uiguisse
684 1979 828 2052 uidentur,
858 1980 949 2053 plnres
978 1981 1124 2035 extiterunt

124 2111 127 2116 .
159 2064 339 2136 interpretes,
372 2080 426 2120 non
453 2074 495 2121 est
524 2068 629 2120 mirum.
672 2065 707 2119 De
735 2067 795 2120 istis
823 2074 912 2120 nutem
940 2071 1124 2138 exposuerunt

159 2147 207 2202 Ph.
231 2148 376 2222 hrgclatns
398 2149 431 2204 od
454 2149 643 2205 bibliothecam
667 2149 819 2204 italicorum
835 2151 1027 2224 interpretum,
1051 2147 1122 2222 quod

160 2249 228 2306 opus
251 2250 306 2289 non
330 2243 372 2290 est
394 2237 471 2308 typis
489 2251 633 2306 excusum,
657 2233 794 2288 Mehusins
817 2236 845 2288 in
868 2236 924 2289 nita
944 2235 1036 2289 Amhr.
1060 2234 1123 2288 Trn-

159 2320 262 2373 uersari
294 2318 305 2371 l
340 2319 432 2374 lssls.
483 2320 616 2374 Antonius
644 2318 733 2392 Bnncy
767 2319 896 2392 Antolog.
929 2319 962 2374 dc
995 2317 1123 2375 Florence

158 2417 184 2455 u.
215 2401 256 2457 54
299 2402 370 2474 Bart.
400 2401 497 2458 Gunrhn
525 2403 551 2458 di
578 2403 696 2458 Bassuno
728 2403 803 2458 Serio
831 2401 857 2458 di
888 2405 950 2458 testi
978 2403 1004 2458 di
1033 2403 1123 2476 lingue

159 2485 288 2556 'loscann
312 2487 424 2542 Veneria
448 2486 529 2544 1828
552 2505 579 2542 n.
605 2485 674 2544 202.
714 2487 872 2544 Nominmdi
896 2490 980 2561 igitur
1003 2496 1068 2542 sont
1203 2560 1204 2563 Ἴ

244 2569 411 2626 hibertus
446 2571 537 2627 delle
571 2571 780 2644 Pingentinc
814 2571 988 2628 Florentinus
1026 2574 1072 2645 qni
1099 2588 1120 2624 n.

160 2653 240 2712 1332
279 2655 405 2711 Venetiae
428 2672 535 2712 carcere
563 2656 685 2712 inclusus
715 2658 776 2713 hnic
798 2659 875 2730 operi
897 2673 927 2712 se
955 2656 1028 2711 dedit
1050 2655 1129 2740 quod

226 2834 251 2898 *t
275 2836 344 2888 Cod.
363 2837 591 2888 valentianensis
611 2855 632 2888 s.
650 2839 717 2890 XIII
736 2840 758 2888 F
778 2841 802 2888 2.
823 2841 856 2888 20
874 2838 976 2903 praei:
996 2841 1081 2888 selonc
1097 2840 1120 2887 lo

158 2911 276 2953 sentence
295 2907 326 2954 de
342 2908 440 2969 platon.
464 2909 486 2956 le
509 2907 566 2956 ono
589 2923 699 2957 coturnoso
718 2914 743 2956 et
765 2908 804 2956 les
826 2911 952 2971 royalmes
974 2921 1005 2970 sp
1022 2907 1122 2957 oroieot

156 2978 234 3035 orant
249 2975 398 3036 prosperite
416 2976 441 3023 et
457 2981 535 3036 prant
553 2975 690 3024 bonearete
707 2991 735 3024 se
759 2977 796 3024 les
811 2976 916 3038 princes
938 2977 981 3038 pai
1002 2977 1040 3024 les
1061 2989 1122 3038 poa·

157 3043 392 3155 nprrgnttespoient
414 3045 488 3105 apris
511 3049 536 3092 et
559 3044 680 3092 enlumt'ne
708 3045 739 3092 cle
763 3045 788 3091 lo
812 3043 915 3092 charete
940 3043 971 3091 de
994 3045 1119 3105 sapience.

159 3122 197 3156 c.
235 3122 290 3158 oe.
340 3110 370 3171 4,
392 3111 422 3158 15

225 3171 267 3236 **)
292 3174 356 3224 Cod.
385 3175 544 3224 Valentiam
570 3177 602 3224 F.
631 3179 655 3229 2,
684 3179 707 3226 l.
743 3177 886 3226 Parisinus
914 3176 989 3240 opud
1012 3176 1117 3226 Paulin-

158 3243 240 3292 Paris
258 3241 312 3293 VII
330 3245 388 3294 303.

224 3307 277 3373 ***)
296 3309 369 3360 idem
383 3310 418 3360 ed
438 3310 637 3362 consolationis
652 3311 805 3377 exemplum
820 3313 961 3376 Npmphnle
974 3328 1050 3362 sunm
1064 3313 1109 3362 Fie
1203 3344 1204 3347 =

155 3379 267 3426 solanum
284 3378 386 3428 dicitur
404 3379 562 3444 scripsisse:
583 3384 613 3428 at
631 3394 720 3443 neque
746 3395 779 3428 ex
798 3380 886 3430 formu
908 3395 998 3444 nuque
1022 3397 1056 3430 ex
1079 3396 1113 3429 ar·

157 3450 288 3561 gupnento
312 3446 364 3497 hoc
388 3462 499 3497 carmen
523 3462 584 3496 cnm
608 3447 797 3498 consolatione
820 3449 905 3498 ullam
928 3448 1013 3498 habet
1031 3447 1121 3498 simili·

154 3518 186 3560 tu
206 3512 289 3566 inem.
