2388 3910
180 181 224 248 34
509 177 786 234 Pumosopmau

143 372 170 413 ao
183 353 253 418 felix
276 356 328 433 qul
351 370 420 414 cum
442 352 560 415 dederit
575 353 768 433 inpatientiae
786 365 908 422 manus,
933 358 1042 412 statum
1067 361 1149 412 sunm

181 447 297 502 mutare
325 454 386 500 non
413 438 515 520 opteti
564 436 660 510 Quam
688 437 790 500 multIs
818 434 1072 498 amaritudinibus
1098 435 1148 496 bu·

180 538 287 586 manae
309 521 462 586 felicitatis
491 522 617 586 dulcedo
640 536 780 604 resparsa
807 529 864 583 eat.
909 523 1034 601 quaesi
1063 523 1147 582 etiam

180 611 295 672 fruenti
317 607 450 672 iucunda
471 621 539 670 esse
562 607 716 677 uideatur,
739 614 840 669 umen
867 621 927 688 quo
954 607 1057 668 minus
1086 621 1148 668 cum

181 689 256 756 uelit
283 691 386 766 abeat,
415 693 541 756 retineri
568 707 630 755 non
656 693 761 772 possit.
806 689 915 774 Liquet
940 693 1036 771 igitur
1064 704 1147 772 quam

144 793 170 835 ea
184 781 225 842 sit
247 779 416 841 mortalium
438 794 541 840 rerum
565 778 675 840 misera
704 776 861 840 beatitudo
883 787 959 859 quae
984 792 1045 838 nec
1074 776 1147 857 apud

183 865 377 946 aequanimos
400 871 546 946 perpetua
569 862 716 944 perdurat
736 873 793 925 nec
813 864 920 926 anxios
936 869 998 924 tota
1014 861 1146 924 delectat.

180 949 258 1022 Quid
274 950 374 1028 igitur
396 967 414 1010 ο
436 949 577 1011 mortales
599 955 683 1010 exim
711 949 815 1029 petitis
834 949 916 1010 intra
943 961 998 1010 uos
1023 949 1146 1028 positam

179 1034 377 1097 felicitatem?
428 1041 513 1095 error
543 1045 596 1096 uos
623 1035 802 1116 inscitiaque
830 1031 996 1095 confundit.
1043 1031 1146 1095 osten

182 1120 250 1182 darn
273 1117 412 1180 breuiter
433 1117 492 1180 tibi
515 1131 649 1181 summae
669 1117 827 1182 'cardinem
854 1116 1016 1181 felicitatis
1061 1116 1145 1179 Estne

141 1202 375 1285 roaliquid‘tibi
402 1203 525 1284 teipso
552 1205 735 1286 pretiosius?
778 1201 861 1266 urm
882 1204 1012 1286 inquies.
1056 1202 1146 1282 lgftm

180 1291 205 1351 si
229 1292 273 1350 tui
302 1286 556 1370 composueris,
583 1288 755 1369 possidebis
776 1288 857 1370 quod
879 1305 937 1351 nec
957 1297 992 1352 tu
1014 1290 1144 1350 amittere

179 1384 320 1455 umquam
343 1373 421 1436 uelis
440 1388 498 1436 nec
520 1375 642 1437 fortuna
656 1373 752 1454 possit
774 1375 904 1436 auferre.
934 1381 1025 1455 atque
1047 1381 1080 1434 ut
1101 1389 1144 1433 co·

179 1471 305 1540 gnoseos
336 1463 370 1521 in
397 1459 445 1520 his
472 1460 608 1521 fortmtis
635 1460 726 1522 rebus
760 1457 978 1522 beatitudinem
1011 1464 1142 1520 constare

178 1557 239 1606 non
261 1558 365 1622 posse,
389 1546 433 1605 sie
452 1541 573 1624 collige.
616 1542 650 1606 Si
677 1543 833 1606 beatitudo
857 1552 903 1606 est
924 1555 1076 1606 summum
1097 1559 1142 1604 na·

139 1642 165 1682 75
178 1637 264 1690 turae
281 1627 399 1690 'bonum
418 1630 539 1692 ratione
561 1629 699 1709 degentis
713 1647 777 1692 'nec
798 1631 846 1692 est
867 1638 1019 1692 summum
1037 1628 1141 1690 bonum

177 1713 257 1794 quod
285 1715 364 1794 eripi
393 1711 454 1776 ullo
487 1713 577 1777 modo
605 1722 721 1793 potest,
755 1714 898 1796 quonlam
930 1711 1086 1794 praecellit
1115 1709 1141 1773 id

177 1795 257 1879 quod
279 1806 410 1878 nequeat
432 1800 560 1862 auferri:
588 1800 780 1862 manifestum
803 1807 863 1870 est,
895 1803 969 1880 quin
992 1799 1029 1860 ad
1052 1797 1140 1860 beati·

177 1883 312 1944 tudinem
330 1884 558 1963 percipiendam
575 1885 714 1947 fortunae
731 1882 913 1947 instabilitas
922 1884 1076 1966 adspirare
1087 1899 1141 1944 non

176 1969 281 2049 possit.
325 1967 369 2030 Ad
397 1969 471 2031 baec
493 1986 584 2051 quem
606 1969 718 2033 caduca
741 1972 798 2032 ista
817 1967 949 2032 felicitas
971 1969 1071 2037 nemo,
1098 1963 1140 2029 uel

138 2055 235 2114 escit
257 2053 395 2115 camuel
417 2056 516 2117 nescit
538 2071 607 2117 esse
631 2053 818 2118 mutabilem.
863 2053 896 2117 Si
919 2057 1029 2124 nescit,
1056 2069 1139 2134 quae·
1188 2076 1189 2081 ¹

175 2157 245 2201 nam
267 2137 354 2201 beata
381 2157 447 2201 sors
474 2155 541 2202 esse
569 2147 669 2220 potest
696 2142 885 2222 ignorantiae
913 2140 1078 2202 caecitate?
1117 2138 1139 2198 si

176 2225 247 2295 scit,
269 2232 386 2286 metuat
407 2240 532 2288 neeesse
555 2234 616 2298 est,
638 2243 676 2287 ne
699 2227 816 2288 amittat
837 2225 917 2307 quod
939 2225 1039 2287 amitti
1060 2239 1138 2303 posse

174 2325 234 2370 non
258 2306 387 2370 dubitat.
425 2324 519 2390 quare
542 2311 704 2373 continuus
726 2312 818 2372 tlmor
840 2326 901 2372 non
917 2311 991 2373 sinit
1013 2325 1078 2371 esse
1098 2307 1137 2368 le·

174 2391 274 2453 llcem.
324 2394 369 2466 dn
397 2394 447 2455 uel
476 2396 501 2456 sl
531 2395 679 2466 amiserit,
708 2393 927 2474 neglegendum
955 2395 1059 2476 putati
1099 2394 1137 2454 sic

136 2488 161 2530 8⁵
176 2487 295 2558 quoque
317 2477 451 2558 perexile
474 2477 586 2540 bonum
609 2481 755 2561 estquod
778 2499 874 2562 aequo
903 2481 1004 2542 animo
1025 2480 1138 2541 'feratur

174 2563 326 2624 amissum.
371 2570 400 2623 et
427 2563 569 2644 quoniam
597 2573 630 2625 tu
657 2566 738 2627 idem
766 2584 799 2628 es
826 2568 878 2627 cui
899 2577 1077 2644 persuasum
1097 2570 1135 2623 at·

173 2663 231 2726 que
260 2647 384 2709 insitum
412 2648 573 2728 permultis
600 2647 907 2712 demonstrationibus
934 2651 997 2713 selo
1030 2657 1137 2711 mentes

172 2732 328 2794 hominum
347 2733 430 2794 nullo
453 2733 542 2795 modo
568 2749 634 2796 esse
652 2735 798 2798 mortales
819 2751 947 2816 eumque
969 2735 1083 2798 clarum
1103 2733 1137 2794 sit

172 2817 327 2880 fortuitam
350 2818 525 2881 felicitatem
540 2821 678 2900 corporis
699 2827 795 2882 morte
817 2822 915 2882 finiri:
939 2818 1071 2883 dubitari
1092 2836 1136 2879 ne·

240 3035 272 3087 60
289 3034 348 3100 inp.
367 3051 389 3086 co
458 3033 751 3090 quincuncem(
822 3039 856 3090 64
872 3038 983 3106 lrabeat
1003 3037 1029 3091 T
1049 3041 1053 3106 Ι
1077 3037 1136 3090 reti·

170 3111 235 3152 nere
257 3098 293 3152 Τ1
344 3103 377 3153 66
394 3101 517 3157 delectet
534 3105 563 3156 K
613 3107 646 3158 68
664 3107 805 3174 inlataque
818 3107 847 3158 K
861 3107 1042 3175 ‘lafeitielqne
1060 3107 1083 3170 (t
1093 3101 1137 3170 er.)

173 3167 198 3220 T
236 3169 280 3222 66
299 3169 402 3222 fumme
422 3169 459 3222 1¹¹
511 3173 543 3224 ll
563 3175 678 3225 amitere
696 3174 726 3225 K
742 3174 898 3228 ammittere
920 3172 988 3226 T¹E
1045 3177 1136 3228 'ffun-

143 3231 147 3242 “
170 3252 253 3303 quem
271 3237 297 3290 Ε
312 3237 317 3305 Ι
338 3237 457 3292 aufferre
476 3239 502 3290 E
513 3237 693 3358 q‘cognofoaf
708 3237 734 3291 Τ
757 3242 893 3308 agnorant
907 3239 962 3294 ΕΚ
1032 3245 1065 3297 76
1082 3257 1137 3309 pre·

170 3305 238 3357 eelit
255 3304 296 3356 E¹
350 3304 383 3358 78
401 3303 453 3357 adf
469 3307 516 3358 ,Τ
559 3308 655 3374 alpi)
707 3311 857 3362 'cotenon
876 3309 960 3378 polilt
977 3327 1000 3362 ω
1018 3325 1074 3363 non
1091 3312 1135 3362 dei.

169 3369 294 3440 obbertus
363 3375 432 3441 aee
469 3388 506 3426 uc
527 3373 563 3426 Τί
627 3379 659 3429 61
678 3377 883 3444 potefbeffeE
949 3375 1137 3432 atanuelfi

169 3438 239 3570 (ΨΚ
264 3441 365 3574 qurael
384 3439 442 3507 (om.
460 3440 493 3507 n)
512 3443 537 3493 E
562 3444 608 3496 uel
626 3443 689 3496 liG
715 3461 751 3498 an
769 3446 792 3498 fi
809 3449 835 3498 A
905 3448 939 3499 86
962 3445 1135 3514 perfuallfum

192 3522 210 3558 u
228 3524 266 3559 er.
