2388 3910
172 211 214 278 52
516 205 794 260 rurcosoruruu

172 399 262 446 uersa
286 382 407 463 quidem
431 379 504 441 calle
526 377 680 460 procedit,
703 377 755 440 sed
778 378 815 439 ad
837 395 931 438 unum
952 383 1052 438 tamen
1076 377 1140 438 bea·

147 469 310 534 stitudinis
331 467 421 528 tinem
445 466 551 527 nititur
572 465 746 544 peruenire.
772 461 823 524 ‘ld
847 470 946 525 autem
969 471 1015 524 est
1036 462 1140 524 bonum

174 555 323 636 qusquis
345 552 452 631 adepto
474 549 549 611 nihil
571 549 699 610 ulterius
721 548 895 610 desiderare
917 557 1017 628 queat.
1064 547 1140 619 Quod

175 639 297 721 quidem
319 644 367 699 est
387 637 521 698 omnium
545 649 695 696 summum
717 632 864 696 bonorum
880 641 1046 714 cunctaque
1068 635 1141 695 iutra

85 715 92 727 ’
175 741 208 787 se
230 724 308 786 bena
331 724 504 790 continens,
535 722 584 781 cui
613 718 733 800 siquid
762 720 874 789 aieret,
906 734 1056 780 summum
1083 737 1141 780 esre

175 827 234 872 nou
268 814 385 890 posset,
415 805 555 887 quoniam
583 804 808 885 relinqueretur
838 805 1040 874 extrinsecus,
1070 804 1141 884 qrred

137 902 277 976 reposcet
298 895 406 973 optari.
451 891 561 971 Liquet
582 889 674 968 igitur
697 905 763 951 esse
790 888 1009 951 beatitudinem
1038 897 1141 951 statum

174 981 323 1042 bonerum
347 976 479 1038 emnium
501 977 735 1054 congregatione
755 975 934 1053 perfectum.
979 971 1082 1046 lianc,
1103 977 1142 1035 uti

174 1066 319 1134 diximus,
347 1062 470 1123 diuerso
491 1061 612 1122 tramite
634 1057 776 1121 mortales
797 1077 903 1122 omnes
922 1066 1072 1122 canantur
1088 1058 1141 1121 adi·

174 1152 262 1231 pisci.
310 1155 357 1209 est
385 1147 464 1208 euim
487 1144 640 1207 mentibus
662 1143 818 1210 hominum
840 1145 908 1206 ueri
932 1145 1004 1206 bont
1027 1153 1141 1206 natura·

174 1236 245 1297 liter
266 1234 383 1295 inserta
405 1231 567 1312 cupiditas,
591 1230 644 1292 sed
667 1230 704 1293 ad
726 1230 799 1292 ialsa
822 1229 930 1291 deuius
952 1247 1042 1292 error
1056 1228 1142 1292 abdu-

136 1340 162 1384 ιο
175 1323 229 1382 cit.
273 1317 408 1390 Quorum
430 1315 551 1397 quidem
575 1315 625 1378 alii
647 1333 796 1378 summum
819 1314 931 1377 bouum
959 1333 1027 1377 esse
1056 1315 1142 1377 nihilo

175 1405 313 1483 indigere
344 1402 504 1465 credentes
531 1407 565 1462 ut
591 1399 707 1463 diuitiis
740 1399 864 1462 aiiluaut
893 1399 1065 1462 elaborant:
1099 1400 1142 1462 alii

174 1507 248 1552 uero
271 1489 383 1550 honum
406 1486 485 1567 quod
508 1488 548 1547 sit
571 1485 779 1565 dignissimum
798 1488 993 1548 ueneratione
1015 1486 1142 1548 iudicau-

175 1583 222 1636 tes
245 1573 362 1654 adeptis
383 1570 551 1633 honoribus
579 1571 741 1633 reuerendi
770 1571 889 1634 ciuibus
916 1573 981 1633 suis
1008 1589 1076 1633 esse
1102 1566 1142 1632 ni-

176 1666 292 1721 tuntur.
336 1657 413 1718 Sunt
434 1657 487 1737 qui
510 1672 658 1718 summurn
681 1655 794 1718 bouum
823 1659 855 1718 in
878 1673 995 1718 summa
1016 1657 1142 1738 potentia

139 1765 165 1806 so
178 1762 244 1806 esse
267 1743 462 1804 constituant:
485 1741 518 1802 hi
541 1741 589 1803 uel
612 1759 740 1821 regnare
762 1744 822 1821 ipsi
837 1740 942 1804 uolunt
956 1743 1008 1805 uel
1022 1759 1142 1821 regnau-

178 1828 261 1891 tibus
283 1827 448 1889 adhaerere
471 1835 629 1889 conantur.
663 1828 700 1889 At
717 1827 827 1908 quibus
849 1829 995 1908 optimum
1011 1827 1141 1908 quiddam

176 1913 296 1976 claritas
317 1912 452 1982 uidetur,
480 1911 512 1973 hi
540 1912 589 1974 uel
612 1911 683 1975 belli
706 1913 755 1974 uel
782 1915 867 1994 pacis
889 1911 1007 1975 artibus
1036 1913 1140 1992 glorie·

158 1982 242 2082 sirm
270 2014 380 2059 nomeu
408 2012 575 2078 propagare
610 1997 762 2059 festinant.
811 1996 938 2060 Plurimi
970 2016 1046 2060 uere
1079 1997 1141 2059 boui

174 2085 307 2146 fructum
334 2083 443 2162 gaudio
470 2082 644 2161 laetitiaque
671 2084 852 2145 metiuntur:
881 2083 914 2144 hi
941 2083 1142 2147 felicissimum

139 2185 164 2232 as
177 2177 283 2251 putant
304 2167 457 2248 uoluptate
480 2165 630 2229 dillluere.
661 2167 737 2231 Sunt
759 2169 849 2229 etiam
873 2171 925 2249 qui
946 2167 1057 2230 horum
1078 2169 1143 2230 lines

179 2271 342 2334 causasque
366 2253 509 2314 alterutro
531 2259 719 2334 permutent:
747 2261 781 2314 ut
802 2255 855 2334 qui
878 2251 1002 2316 diuitias
1031 2254 1070 2316 ob
1097 2271 1142 2333 po·

178 2341 301 2400 tentiam
325 2337 554 2418 uoluptatesque
570 2337 742 2400 desiderant
762 2337 813 2400 uel
835 2341 887 2419 qui
909 2341 1076 2419 potentiam
1097 2354 1143 2398 seu

179 2424 326 2503 pecuniae
340 2439 438 2483 causa
461 2440 515 2484 seu
530 2422 705 2503 proterendi
721 2425 853 2485 nominis
869 2431 1024 2504 appetunt.
1056 2422 1089 2484 lu
1103 2423 1142 2484 his

178 2509 272 2586 igitur
294 2505 463 2586 ceterisque
491 2507 601 2570 talibus
628 2508 825 2570 humanorum
854 2516 975 2570 actuum
997 2515 1141 2570 uotorum·

139 2611 165 2654 sc
178 2610 235 2675 que
256 2599 398 2654 uersatur
419 2593 545 2654 intentio
566 2593 662 2654 ueluti
677 2593 821 2655 nobilitas
834 2594 982 2674 iauorque
996 2593 1142 2674 popularis

178 2697 255 2760 quae
277 2677 421 2740 uidentur
447 2677 597 2758 quandam
626 2674 837 2740 claritudinem
865 2693 1046 2758 conparare,
1076 2693 1141 2740 uxor

178 2783 212 2826 ae
241 2763 330 2826 liberi
353 2781 431 2842 quae
457 2762 654 2825 iucunditatis
673 2764 768 2842 gratia
788 2770 950 2844 petuntur,
983 2765 1140 2826 amicerum

246 2947 405 3013 iprccedit
427 2964 475 3013 mp.
493 2950 554 3000 cdd.
571 2949 728 3000 correctoris
745 2960 776 3001 m.
795 2949 822 2999 E
841 2946 846 3014 Ι
864 2946 974 3016 bonum]
993 2951 1103 3001 beatum
1118 2951 1143 2997 ei.

178 3014 343 3079 PLa'npenua
413 3019 429 3068 8
448 3016 540 3068 aforet
557 3031 579 3068 ω
649 3017 681 3068 14
700 3016 797 3068 deuius
811 3015 891 3068 ΕΚΖ)
909 3033 945 3092 eac
962 3035 985 3068 e.
1002 3035 1044 3084 pr.
1065 3016 1145 3068 diuiui

181 3131 218 3185 Τ1
237 3129 337 3185 deuios
350 3130 386 3183 D¹
401 3131 406 3195 Ι
421 3143 496 3186 error
513 3149 560 3188 om.
579 3131 620 3184 Ε1
708 3135 739 3186 15
760 3133 883 3204 quidam]
897 3093 989 3200 (fidem
1007 3136 1037 3187 K
1143 3165 1144 3170 =

178 3200 326 3254 reuerendi
343 3200 374 3252 K
417 3201 543 3253 nituntur
561 3217 598 3254 ex
615 3203 763 3255 mittuntur
781 3203 808 3254 ll
876 3205 910 3256 20
927 3202 969 3270 hi]
991 3203 1101 3256 ‚hii.T

178 3273 211 3322 21
231 3269 372 3322 adher?
415 3268 547 3322 obtimum
563 3270 595 3321 K
664 3272 698 3322 24
714 3271 786 3323 latit.
808 3271 855 3339 T,
901 3273 936 3324 25
952 3270 1032 3338 finel']
1051 3276 1104 3338 sper

182 3337 206 3388 T
254 3339 288 3392 26
307 3340 463 3404 permoteut
481 3354 517 3390 ecc
536 3341 692 3403 permutent
711 3343 745 3394 at,
759 3339 785 3390 E
835 3339 869 3391 27
887 3339 1045 3393 desiderent
1065 3339 1088 3390 T

179 3407 212 3456 28
236 3406 391 3472 paecuniam
413 3407 435 3456 [r
457 3407 611 3472 peccuniae
633 3407 678 3472 rt
698 3405 870 3473 proferrandi
888 3407 935 3469 Kl
954 3412 1090 3476 appetunt

179 3476 279 3591 pTeEtppt
296 3473 404 3524 morl<
472 3474 503 3525 31
522 3489 601 3539 eonp.
624 3474 648 3524 T
714 3477 746 3526 32
765 3490 836 3541 quae
854 3492 902 3529 om.
920 3478 947 3528 A
962 3477 967 3541 Ι
982 3479 1037 3528 iuc.
1056 3477 1080 3526 D
1097 3475 1105 3525 i
