2458 3912
188 208 209 273 6
485 200 491 206 ·
532 207 809 261 PHILOSOPHIAE
858 195 861 199 ’

189 397 349 461 meumque
372 383 493 442 intuens
516 380 632 442 nultum
646 379 728 440 luctu
742 397 868 458 grauem
883 386 971 462 atque
987 381 1020 440 in
1035 378 1146 441 bunum

189 483 326 528 maerore
348 465 496 528 deiectum
520 466 568 526 his
590 464 729 526 uersibus
754 466 790 527 de
813 472 933 528 nostrae
956 467 1066 527 mentis
1085 482 1146 544 pcr-

189 550 362 613 turbatione
385 557 546 632 conquesta
569 559 622 612 est.

188 703 216 766 ll
252 705 319 766 Heu
340 722 430 785 quam
451 705 612 784 praecipiti
634 721 731 765 mersa
755 703 904 784 profundo

252 789 337 851 Mens
359 787 451 851 hebet
473 796 503 850 et
523 791 646 868 propria
668 789 734 851 luce
756 789 861 852 relicta

252 874 364 937 Tendit
385 875 416 935 in
439 881 578 936 externas
600 877 646 935 ire
671 873 827 946 tenebras,

254 961 400 1022 Terrenis
421 960 561 1039 quotiens
583 959 704 1022 llatibus
726 967 812 1022 aucta

253 1043 368 1106 Crescit
389 1047 422 1106 in
444 1047 615 1106 inmensum
638 1048 727 1107 noxia
750 1063 833 1106 cura.

253 1129 309 1191 llic
332 1130 482 1210 quondam
505 1129 587 1192 caclo
610 1128 687 1191 liber
709 1141 816 1210 aperto

254 1215 364 1277 Suetus
386 1218 418 1276 in
440 1214 591 1277 aetherios
611 1217 656 1276 ire
679 1224 795 1278 meatus

254 1300 404 1364 Cernebat
425 1303 507 1362 rosei
528 1301 641 1362 lumina
664 1301 751 1371 solis,

253 1385 374 1448 Visebat
397 1386 513 1465 gelidae
536 1387 635 1448 sidera
657 1387 746 1448 lunae

253 1471 292 1534 Et
314 1489 518 1552 quaecumque
540 1489 633 1549 uagos
655 1471 740 1533 stella
762 1489 904 1533 recursus

252 1556 379 1618 Exercet
402 1558 503 1617 uarios
524 1557 600 1618 llexa
622 1575 678 1636 per
700 1556 805 1626 orbes

253 1641 456 1718 Conprensam
479 1643 615 1702 numeris
636 1643 734 1703 uictor
756 1641 895 1703 habebat.

252 1723 443 1796 Quinetiam
467 1743 571 1788 causas
592 1727 672 1788 unde
696 1745 804 1788 sonora

252 1809 389 1873 Flamina
412 1811 572 1873 sollicitent
594 1830 724 1892 aequora
747 1813 847 1892 ponti,

253 1894 325 1967 Quis
348 1895 451 1958 uoluat
474 1896 611 1958 stabilem
635 1899 760 1976 spiritus
783 1895 888 1957 orbem

252 1981 306 2042 Vel
329 1999 384 2042 cur
406 1981 563 2061 hesperias
585 1981 669 2043 sidus
690 1983 721 2042 in
744 1982 840 2043 undas

253 2066 398 2129 Casurum
420 2066 512 2128 rutilo
535 2074 637 2145 surgat
659 2066 697 2128 ab
721 2074 806 2137 ortu,

253 2150 330 2223 Quid
352 2154 436 2214 ueris
458 2151 590 2229 placidas
610 2159 761 2232 temperet
782 2152 886 2220 boras,

252 2237 290 2298 Vt
311 2245 423 2298 terram
445 2239 541 2300 roseis
563 2236 689 2298 floribus
712 2237 818 2299 ornet?

252 2320 326 2392 Quis
348 2322 431 2383 dedit
452 2331 486 2383 ut
506 2323 596 2403 pleno
617 2322 730 2383 fertilis
751 2340 830 2383 anno

253 2407 421 2468 Autumnus
442 2406 576 2484 grauidis
598 2407 703 2468 influat
724 2407 812 2468 uuis?

252 2489 368 2552 Rimari
390 2491 494 2553 solitus
516 2499 604 2569 atque
627 2492 747 2553 latentis

252 2575 385 2638 Naturae
408 2578 507 2638 uarias
528 2576 656 2638 reddere
680 2594 801 2638 causas:

252 2662 339 2724 Nunc
362 2665 440 2723 iacet
462 2661 551 2723 effeto
573 2661 687 2723 lumine
710 2665 820 2723 mentis

251 2746 290 2808 Et
312 2764 435 2825 pressus
457 2746 602 2824 grauibus
625 2746 700 2807 colla
723 2749 836 2809 catenis

252 2832 466 2913 Decliuemque
489 2849 599 2911 gerens
621 2832 755 2912 pondere
778 2832 892 2894 uultum

253 2915 376 2994 Cogitur
397 2916 457 2977 beu
480 2916 617 2978 stolidam
639 2936 765 2979 cernere
789 2923 912 2978 terram.

255 3067 290 3117 48
308 3066 429 3117 deletum
446 3067 472 3116 E

258 3131 614 3201 c.11]4aefsts(uer.)1(
659 3135 789 3189 binml
833 3135 954 3202 9gelide
967 3136 991 3185 T
1035 3137 1066 3186 10
1077 3144 1146 3198 quac.

191 3203 215 3253 Τ
282 3203 314 3253 12
333 3217 427 3269 conpr.
442 3219 463 3252 ω
486 3204 653 3274 comphenss
670 3202 687 3269 β
702 3201 707 3268 Ι
722 3205 752 3254 ἰιι
765 3206 887 3256 numeris
902 3203 946 3270 pA
962 3205 967 3268 Ι
982 3203 1118 3255 habebant
1132 3193 1146 3263 β

190 3324 222 3372 13
241 3279 330 3386 canili
346 3322 375 3372 K
426 3323 458 3372 15
477 3305 538 3387 qn1⁵
562 3320 587 3386 (s
603 3339 644 3387 pr.
664 3320 735 3386 add.)
758 3324 782 3373 Τ
838 3325 869 3373 16
887 3323 940 3374 ttel
960 3321 989 3389 (u
1006 3325 1032 3373 in
1048 3314 1148 3384 rasili

259 3391 290 3440 18
305 3389 383 3455 'Quid
402 3407 423 3440 ω
450 3390 518 3452 Quis
537 3391 597 3441 libri
612 3397 729 3441 recentes
746 3388 900 3457 ltemperct
917 3391 942 3441 E
1013 3393 1044 3442 19
1062 3387 1149 3440 ornant
1201 3366 1205 3427 l

189 3471 256 3539 imp
324 3467 509 3538 iodedltii
530 3473 535 3537 Ι
559 3476 752 3539 u.21mp.al.
772 3477 797 3526 E
839 3534 841 3540 ¹
874 3475 1066 3542 24effestoE

190 3542 224 3591 26
243 3538 308 3607 que]
329 3544 363 3604 Q.
382 3557 418 3593 ss.
434 3559 477 3606 pr.
500 3542 524 3591 T
