2458 3912
25 67 28 88 t

25 135 26 162 l

25 163 30 280 i
375 184 666 240 eonsouerroms
688 187 717 238 11
918 261 921 266 .
990 183 1032 250 25

25 377 26 424 ξ
64 357 121 418 non
144 359 211 418 sine
233 357 361 438 quodam
385 359 468 438 quasi
491 358 585 419 lluetu
608 357 754 436 contingit
775 359 951 418 animorum.
987 359 1030 417 sic

24 425 28 524 ξ
63 439 171 504 lautum
197 449 256 512 est,
280 449 314 504 ut
336 450 370 503 tu
392 459 510 526 quoque
531 440 683 524 paulisper
705 461 722 503 a
743 449 794 504 tuo
816 440 1031 522 tranquillitate

24 529 26 600 i
65 527 257 588 descisceres.
303 525 361 588 Sed
384 535 503 609 tempus
524 534 571 588 est
591 527 715 589 haurire
737 533 767 588 te
790 525 900 607 aliquid
923 545 956 588 ae
980 527 1030 587 de·

24 601 26 688 l
64 615 183 690 gustare
206 611 295 673 molle
317 611 406 693 atque
428 611 591 673 iucundum
614 613 692 693 quod
710 611 746 673 ad
768 613 911 674 interiora
934 619 1031 673 trans·

24 689 28 758 i
63 697 186 758 missum
209 695 410 758 ualidioribus
431 695 588 759 haustibus
614 700 695 758 uiam
716 695 832 758 lecerit.
867 696 952 759 lusit
975 698 1030 776 igi·
1044 713 1070 753 ro

24 785 26 842 i
65 779 110 842 tur
131 781 307 844 rhetoricae
329 781 447 843 suadela
470 779 637 844 dulcedinis
665 799 740 862 quae
762 788 825 842 tum
847 789 961 843 tantum
983 799 1031 842 re·

23 877 26 950 t
68 872 112 927 cta
148 860 224 928 celle
257 865 408 946 procedit,
439 885 506 929 cunr
534 867 637 930 nostra
668 867 804 929 instituta
832 884 892 928 non
921 865 1033 926 deserit

23 977 25 1034 ζ
65 949 190 1032 cumque
212 941 269 1012 bac
290 953 405 1012 musica
426 951 500 1012 laris
514 955 608 1013 nostri
628 950 788 1013 uernacula
803 967 883 1012 nune
903 950 1033 1012 leuiores

23 1039 26 1140 q
65 1036 142 1096 nitho
164 1037 324 1114 grauiores
345 1033 450 1097 rhodos
464 1037 606 1098 succinat.
636 1036 712 1108 Qorc
729 1044 775 1098 est
794 1037 887 1115 igitur
910 1034 1031 1096 ohomo

23 1145 25 1194 ς
69 1121 142 1200 qnod
165 1124 196 1180 te
220 1121 251 1182 in
273 1123 454 1183 maestitiam
470 1119 641 1203 luctumque
663 1119 792 1183 deiecit?
814 1136 925 1182 nouum
942 1119 1031 1181 credo
1044 1143 1069 1185 ea

23 1219 26 1294 q
69 1205 178 1286 aliquid
201 1207 439 1283 inusitatumque
463 1206 577 1267 uidisti.
613 1206 658 1268 Tu
681 1205 830 1268 fortunam
852 1213 940 1283 putas
961 1221 1033 1283 erga

67 1298 94 1350 t'e
119 1297 186 1351 esse
214 1297 378 1353 mutatum:
409 1297 501 1352 erras.
545 1289 583 1352 lli
606 1301 725 1371 semper
749 1294 814 1352 eius
840 1304 941 1351 mores
963 1297 1032 1350 sunt

22 1371 25 1430 ζ
68 1376 121 1436 ista
142 1373 264 1437 natura.
297 1374 438 1437 Seruauit
461 1377 541 1438 oir'ea
562 1384 593 1436 to
638 1376 769 1455 ropriam
791 1377 891 1454 potius
913 1375 944 1435 in
968 1375 1032 1451 ipsa

22 1433 26 1536 i
68 1461 111 1521 siti
131 1456 334 1522 mutabilitate
357 1461 564 1522 constantiam.
629 1459 783 1530 eliserat,
807 1475 875 1520 eum
898 1457 1032 1519 blandie-

22 1549 24 1604 ἔ
67 1542 163 1615 bitur,
195 1549 264 1606 cum
298 1543 354 1606 tibi
382 1545 475 1607 falsae
504 1537 668 1606 inlecebris
695 1541 848 1606 felicitatis
875 1542 1031 1606 alluderet.
1044 1570 1070 1611 ³0
1129 1598 1131 1602 .

22 1627 24 1662 ί
68 1627 295 1708 deprehendisti
310 1633 392 1691 caeci
407 1630 539 1692 numinis
554 1627 709 1709 ambiguos
728 1627 838 1691 nultus.
868 1626 950 1700 Quae
966 1645 1032 1690 sese

22 1663 25 1764 Ῐ
71 1714 159 1774 adhuc
181 1712 265 1776 uelat
285 1715 367 1785 aliis,
391 1723 452 1776 tota
474 1713 530 1776 tihi
545 1733 672 1794 prorsus
686 1716 827 1776 innotuit.
857 1713 889 1774 Si
911 1713 1030 1794 probas,

22 1779 27 1894 q
69 1805 147 1860 utere
170 1797 322 1869 moribus,
346 1818 384 1860 ne
407 1802 555 1880 queraris.
594 1799 626 1861 Si
643 1799 799 1880 perfidiam
813 1798 1030 1877 perhorrescis,

21 1901 23 1966 f
72 1899 171 1962 sperne
188 1892 279 1964 atque
296 1883 380 1946 abice
396 1885 564 1963 perniciosa
580 1885 746 1946 ludentem:
770 1902 837 1946 nam
860 1901 936 1963 quae
952 1898 1031 1944 nunc

21 1977 23 2044 ξ
71 1967 120 2028 tibi
141 1977 187 2029 est
217 1971 295 2030 tanti
321 1987 412 2033 causa
440 1972 600 2039 maeroris,
630 1969 704 2032 haec
732 1969 836 2030 eadem
862 1965 1070 2048 tranquilli-³5

21 2051 25 2128 l
71 2053 131 2114 tatis
159 2071 227 2116 esse
250 2053 414 2116 debuisset.
459 2053 593 2136 Reliquit
619 2057 699 2116 onim
722 2062 752 2116 te
779 2068 868 2133 quam
896 2071 956 2114 uon
984 2070 1032 2112 re·

73 2136 205 2200 licturam
229 2152 317 2200 nemo
339 2152 480 2219 umquam
502 2142 613 2217 poterit
635 2155 700 2200 esse
723 2156 857 2200 securus.
891 2139 935 2199 An
958 2154 1032 2198 uero

21 2225 24 2314 ζ
72 2229 98 2280 tu
115 2226 287 2302 'pretiosam
322 2225 462 2287 aestimas
494 2223 643 2286 abituram
676 2223 868 2284 felicitatem?
902 2231 931 2283 et
963 2237 1031 2282 cara

21 2323 23 2386 ξ
73 2305 123 2367 tihi
144 2317 189 2370 est
214 2307 335 2370 iortuua
349 2325 494 2388 praesens
515 2327 571 2370 nec
586 2308 727 2370 manendi
749 2306 807 2369 lida
829 2318 859 2368 et
880 2323 948 2368 eum
972 2303 1032 2366 dis·
1120 2359 1123 2365 .

21 2399 23 2468 t
73 2395 187 2454 cesserit
218 2392 343 2454 allatura
371 2411 548 2456 maerorem.
593 2392 676 2464 Quod
708 2394 733 2454 si
755 2411 811 2454 neo
841 2410 879 2454 ex
906 2389 1031 2452 arbitrio
1044 2417 1070 2456 40

21 2473 24 2548 ἕ
72 2477 186 2538 retineri
216 2485 315 2556 potest
350 2486 379 2539 et
408 2479 596 2541 calamitosos
623 2477 742 2556 lugiens
767 2476 852 2547 iacit,
887 2475 958 2557 quid
988 2482 1033 2536 est

21 2559 23 2646 ξ
73 2559 144 2622 ahud
178 2561 272 2641 iugax
305 2577 396 2643 quam
423 2564 542 2624 futurae
572 2561 721 2644 quoddam
748 2562 927 2624 calamitatis
953 2560 1032 2622 indi·

21 2751 23 2796 ί
132 2764 162 2814 18
179 2763 338 2816 desciscens
352 2764 376 2814 Τ
399 2761 555 2829 dellricerei
570 2763 608 2829 (ie
620 2763 668 2830 er.)
682 2764 708 2814 Ε
732 2763 880 2816 diieeiierii
889 2763 918 2812 K
946 2760 1031 2812 dilee-

21 2841 24 2886 ξ
73 2825 181 2883 dtreird
198 2831 392 2898 luliquodb'1
473 2833 505 2884 ta
522 2833 577 2885 iuo.
599 2832 634 2882 Τί
661 2833 706 2884 ioc
727 2830 829 2882 ΤίΕΚ
912 2830 945 2881 20
963 2829 1034 2880 odiit

21 2911 22 2942 2
76 2889 119 2947 rit
142 2893 207 2951 onii
224 2899 249 2950 E
326 2902 358 2950 21
377 2899 447 2953 rhet.
467 2899 493 2950 Ε
518 2899 591 2951 reth.
613 2895 663 2950 ΤΚ
685 2897 691 2966 Ι
711 2907 844 2966 quaecum
865 2893 901 2947 Τί
926 2895 931 2962 1
954 2900 1033 2949 reete

21 3005 23 3040 ἐ
73 2993 115 3049 ted
126 3017 168 3064 pr.
187 2995 254 3054 eli
323 2996 356 3052 23
374 2996 446 3054 hano
466 2999 501 3052 T¹
518 2976 630 3068 {milico
650 3000 679 3065 (u
695 3016 730 3052 aa.
747 3007 856 3066 mant,
875 3014 910 3051 ca
928 2996 1033 3064 inrue.)

21 3093 27 3122 2.
76 3063 96 3112 Τ
106 3063 274 3124 luomaoola
291 3086 314 3121 ω
387 3068 422 3119 24
439 3067 512 3133 Quid
530 3071 618 3137 igitur
635 3067 675 3121 otc
691 3069 722 3119 K
797 3066 830 3120 26
848 3061 968 3122 mesti*

21 3141 23 3194 ζ
74 3136 75 3154 ’
119 3137 234 3189 efflabit
254 3132 298 3202 ΤΙ
317 3137 379 3204 ipis
395 3153 431 3188 eae
452 3137 547 3204 ipnT
623 3136 657 3189 29
674 3134 861 3188 mutabilitate
878 3132 920 3186 Εί
1001 3136 1034 3186 30

137 3229 184 3290 ΤΚ
252 3236 283 3292 31
304 3239 363 3290 ceci
383 3238 554 3302 Tlnominii
573 3240 597 3289 Τ
657 3241 690 3292 32
707 3209 801 3305 ριοδῗῐ
816 3237 841 3288 Ε
898 3239 931 3288 33
967 3248 1033 3285 uae-

114 3302 137 3354 ii
157 3301 191 3356 Τί
211 3307 216 3372 l
236 3305 377 3375 perfidiam
399 3305 448 3358 ΤΚ
474 3305 606 3374 perfidam
628 3307 700 3358 arn
719 3305 736 3426 q
752 3303 919 3373 pererreieis

21 3383 23 3448 }
123 3369 233 3437 spernee
254 3363 290 3426 Τί
306 3377 311 3440 l
325 3373 472 3442 pernitiose
490 3373 516 3426 Ε
561 3373 718 3440 eruitiosalu
739 3379 803 3426 ente
826 3373 883 3436 (oia
904 3372 931 3422 in
952 3369 988 3434 r.)
1007 3369 1035 3420 K

21 3461 23 3510 3
135 3439 166 3493 35
186 3446 267 3495 caute
285 3445 360 3495 tenti
377 3444 402 3493 A
477 3444 510 3494 33
554 3443 658 3509 aliquid
677 3444 702 3493 E
770 3442 802 3494 et
822 3455 858 3491 en
876 3445 906 3491 tu
924 3453 990 3492 uero
1008 3439 1033 3488 A

21 3517 22 3570 l
134 3509 166 3560 38
184 3511 309 3563 aestimei
325 3511 354 3562 K
367 3510 372 3575 Ι
386 3510 543 3561 habituram
564 3511 589 3561 Τ
