2458 3912
636 204 700 244 XXX

188 357 328 413 Victorino
352 355 493 412 translati?
516 354 641 411 similiter
663 353 750 412 codex
771 351 1027 428 Gueipherbytanus
1049 371 1077 410 n.
1097 353 1161 412 131

189 443 379 499 astronomiam
389 441 466 497 Booti
482 441 623 498 continere
638 439 752 496 dicitur:
778 448 804 494 at
822 447 864 494 est
881 439 940 494 sine
956 437 1038 494 dnbio
1056 438 1162 512 Hygini

188 526 255 583 liber
284 521 348 602 [tt]
379 524 460 581 Vahio
489 525 651 598 inscriptus,
686 524 763 580 onius
791 522 863 580 aliud
892 522 1027 596 exemplar
1059 533 1103 578 est
1130 525 1162 578 in

166 611 251 667 'hihi
274 613 349 685 regia
370 610 586 666 Wratislnniensi
607 609 640 663 tv
656 603 695 665 Β0
718 609 768 666 11.
793 637 828 648 -
853 606 901 664 sed
923 610 952 664 in
974 607 1161 664 Laurentiano

189 696 238 752 alia
261 712 370 769 quoque
385 695 514 751 nictentur
535 695 640 765 inesse,
663 691 752 767 qualia
772 694 800 748 in
822 693 918 766 quinta
932 695 990 749 uita
1011 692 1160 766 teguntur:

190 797 248 836 narn
272 781 344 836 hunc
366 797 426 836 esse
455 781 482 836 in
507 796 539 835 eo
562 781 634 834 uitae
663 777 743 834 finem
774 777 900 852 perhibet
921 777 1082 834 Bandinins:
1106 780 1164 850 qui

189 871 246 921 iam
269 885 287 920 a
316 869 469 922 consolata
491 866 616 922 exierint
645 879 697 921 sen
723 865 911 921 discesserim
938 855 1060 933 peracto
1083 863 1162 918 uicis

189 967 359 1007 suaeanao.
384 959 412 1004 et
426 957 580 1022 sequuntur
600 965 710 1022 penora
721 956 892 1018 metrorum,
918 956 1000 1021 atque
1022 955 1087 1021 post
1110 946 1159 1002 iiia

189 1035 269 1091 tertia
293 1037 364 1106 nita,
387 1036 431 1090 cui
453 1035 613 1107 inscriptum
641 1041 684 1089 est
705 1033 825 1090 Ioannis
848 1032 928 1090 Sonti
949 1033 1054 1089 uerba:
1079 1032 1161 1087 cuius

189 1120 306 1175 nominis
330 1136 488 1192 qnarnqnarn
511 1118 603 1192 piures
626 1118 748 1189 suerunt,
776 1117 852 1174 solus
874 1116 1003 1192 Erigere,
1028 1132 1108 1190 quern
1133 1125 1164 1172 et

190 1204 364 1278 Scotigenanr
401 1204 544 1274 dixerunt,
581 1202 782 1274 intellegendus
819 1201 930 1259 uidetnr
961 1200 1080 1272 (Fabric,
1114 1198 1163 1254 iiii

190 1307 215 1362 p.
242 1286 408 1346 136-142
432 1286 536 1359 diensi).
576 1287 628 1343 Sed
652 1296 762 1343 transeo
786 1287 819 1343 ad
841 1295 947 1344 ceteros
970 1285 1091 1344 codices:
1123 1285 1162 1340 ai-

190 1375 274 1429 terins
302 1376 385 1448 partis
415 1373 542 1446 quaedam
569 1371 685 1446 protulit
708 1370 833 1428 'Vallinus
862 1389 893 1428 ea
921 1372 1059 1428 Victorino
1089 1370 1163 1426 libro

191 1459 223 1514 ad
246 1459 326 1514 Cons.
351 1459 361 1513 1
383 1457 414 1530 4,
438 1458 479 1515 60
501 1456 537 1530 (p.
563 1456 604 1514 20
626 1457 668 1514 ed.
684 1455 762 1528 Vail.)
785 1473 871 1531 eaque
893 1474 956 1530 pars
978 1457 1058 1512 etiarn
1080 1457 1108 1511 in
1132 1455 1161 1510 S.

191 1542 309 1598 Gallensi
327 1540 388 1599 845
401 1559 423 1596 s.
441 1541 462 1596 X
478 1542 588 1613 legitur.
619 1543 716 1598 tertiae
731 1541 865 1598 Jordanus
883 1541 940 1613 (oh.
958 1541 1089 1597 tourdain
1108 1541 1161 1596 lies

191 1625 402 1682 Commentaires
424 1625 521 1682 inedits
542 1626 574 1681 de
591 1625 740 1683 Guiliaume
762 1626 796 1682 de
811 1626 934 1683 Conohes
954 1635 982 1682 et
1003 1625 1038 1681 de
1052 1624 1160 1681 Nicolas

191 1711 306 1767 Treveth
318 1728 366 1766 sur
377 1709 487 1766 iaCons.
500 1711 533 1766 de
545 1710 569 1765 la
579 1710 646 1784 phil.
659 1710 795 1767 deBoece.
810 1710 885 1766 Paris
901 1711 981 1768 1861
996 1705 1031 1768 4⁰
1042 1709 1162 1784 pitis.)

192 1812 224 1852 ex
245 1795 367 1852 Parisino
396 1798 478 1868 antiq.
502 1795 585 1852 6640
607 1794 750 1852 Victorinis
774 1795 836 1854 200
862 1804 890 1852 et
913 1792 1007 1867 751*)
1035 1804 1162 1869 quartani

192 1880 261 1936 idern
284 1897 317 1936 ex
334 1881 471 1937 Victorino
488 1879 546 1936 751
572 1880 715 1953 descripsit
738 1879 809 1954 (po
833 1890 891 1938 not.
916 1881 958 1952 1):
982 1897 1052 1954 qnos
1074 1881 1162 1938 iihros

191 1965 206 2019 J
228 1965 318 2021 littera
340 1964 465 2020 indicaui,
501 1964 612 2021 Praeter
634 1965 680 2020 has
704 1967 774 2022 nitas
798 1982 912 2039 quarum
935 1965 1009 2022 nulla
1032 1968 1164 2040 superior
1224 1994 1225 1997 =

192 2066 251 2105 esse
273 2059 366 2122 potest
389 2049 506 2106 carolina
529 2057 631 2120 aetate,
660 2049 884 2107 conmemorando
912 2061 976 2106 sont
1003 2067 1072 2124 qnae
1096 2051 1164 2106 Not·

191 2135 272 2190 herus
296 2135 416 2191 nersioni
438 2151 503 2190 suae
535 2133 672 2207 praefatus
696 2143 737 2190 est
765 2138 800 2192 de
828 2139 1020 2191 transtatione
1046 2138 1163 2208 imperii

191 2225 305 2275 romani
326 2219 367 2291 (ea
383 2237 415 2275 ex
438 2217 513 2274 libris
537 2217 563 2274 S.
582 2218 648 2274 Galli
664 2217 725 2276 825
748 2228 775 2275 et
792 2219 853 2276 844
876 2219 958 2275 edidit
974 2218 1162 2291 Hnttetnerns)

191 2312 218 2358 et
242 2321 309 2376 qnae
332 2320 379 2358 rex
403 2303 528 2360 Aiiredus
551 2303 691 2377 praemisit
714 2304 746 2360 ad
769 2304 994 2380 ipsnm'Boetinnr
1018 2320 1074 2359 non
1096 2321 1162 2378 per·

192 2389 315 2442 tinentia.

156 2480 169 2528 Ι
275 2472 423 2546 ,Tempore
461 2472 613 2528 theodorici
649 2475 724 2547 regis
764 2475 877 2546 insignis
918 2482 1012 2530 auctor
1048 2472 1161 2530 boetius

190 2557 287 2612 claruit
320 2558 365 2629 qni
399 2556 502 2613 uirtute
535 2574 584 2613 sna
614 2557 710 2613 consul
739 2560 766 2614 in
794 2558 861 2615 urbe
895 2557 956 2614 suit.
994 2557 1061 2614 Cum
1089 2575 1160 2614 uero
1211 2565 1214 2570 '

190 2641 366 2697 theodoricus
397 2657 445 2697 rex
478 2641 566 2698 noluit
600 2642 768 2715 tyrannidem
803 2659 927 2699 exercere
962 2645 990 2698 in
1026 2641 1092 2698 urhe
1129 2659 1161 2698 ac

190 2723 277 2781 bonos
311 2743 435 2800 quosque
468 2744 500 2783 er
534 2737 630 2783 senatu
662 2728 721 2783 neci
750 2729 827 2797 dare,
862 2725 971 2783 boetius
1001 2743 1068 2783 uero
1098 2729 1160 2782 eius

168 2810 271 2866 sciolos
314 2811 434 2885 effugere
480 2812 618 2886 gestiens,
666 2812 764 2884 qnippe
813 2813 859 2884 qni
904 2812 982 2868 honis
1032 2810 1160 2868 omnibus

258 2958 282 3021 *)
301 2958 373 3009 idern
393 2975 427 3010 ex
446 2960 499 3011 alio
511 2959 637 3010 Parisino
656 2958 856 3023 (Sorbonnensi
874 2975 900 3010 n.
918 2959 978 3026 355)
1002 2960 1073 3010 hoec
1091 2976 1160 3019 con-

190 3026 314 3074 munioat
332 3042 403 3090 quae
422 3027 456 3076 ad
475 3027 555 3077 Cone.
575 3027 635 3090 14,
660 3029 709 3077 126
728 3028 883 3092 pertinent:
909 3028 967 3077 Cam
990 3037 1161 3078 accusaretur

190 3096 264 3158 qnasi
281 3094 479 3145 nichromantiae
498 3100 622 3159 operator
644 3103 669 3144 et
687 3098 761 3160 quasi
785 3097 909 3146 idolorum
927 3101 1009 3147 cultor
1025 3097 1160 3162 meritisque

189 3163 247 3211 otiis
265 3161 411 3212 criminibus
428 3163 609 3224 insultaretur,
633 3165 705 3227 apud
725 3163 835 3214 Ticinum
857 3165 935 3214 eradio
958 3167 1086 3229 retepatus
1109 3179 1138 3216 et

191 3228 287 3279 eadem
307 3233 369 3278 eunt
387 3229 415 3278 in
432 3231 571 3280 Victorini
589 3231 646 3280 200.

258 3297 271 3346 I
301 3296 372 3347 libris
395 3296 519 3348 EBGRA
547 3295 583 3346 V²
601 3299 682 3350 Laor.
741 3302 754 3349 1
778 3307 804 3349 et
821 3300 836 3348 2
855 3299 1003 3350 theoterioi
1019 3300 1045 3349 E
1079 3300 1146 3352 theo

189 3367 255 3415 trici
272 3363 298 3412 B
332 3365 443 3415 tentrioi
461 3367 542 3415 Lour.
578 3365 733 3416 theodorici
755 3368 786 3416 M
820 3367 956 3418 teodorici
979 3368 1000 3418 G
1021 3367 1147 3420 theodrio

189 3432 212 3482 R
253 3431 402 3483 dicoderici
424 3432 505 3485 Bern.
526 3435 574 3484 179
614 3433 754 3485 deoderici
772 3436 797 3484 A
884 3435 1053 3487 1Boethius
1077 3437 1147 3486 Lacr

189 3503 205 3549 4
219 3515 252 3549 ex
265 3500 319 3552 sen.
332 3515 377 3550 om.
389 3499 415 3548 B
427 3500 455 3550 in
470 3500 487 3552 t.
502 3501 582 3557 Lacr.
622 3517 687 3553 uero
700 3519 745 3558 om.
758 3503 838 3554 Laor.
850 3503 876 3553 B
917 3507 932 3554 5
946 3503 1068 3568 effugere
1078 3519 1125 3558 om.
1135 3503 1151 3552 1
