2458 3912
618 231 732 270 xxxtltl

157 400 272 439 rostram
295 392 322 440 et
344 400 519 440 romanorum
541 382 662 439 defendit
690 382 851 439 libertatem.
896 383 1017 438 Aliter.
1055 381 1169 438 Nobiles
1210 379 1214 388 '

194 470 299 524 romaui
321 470 460 542 auspicato
488 470 597 524 nomina
626 475 653 522 et
681 468 923 541 prenomina‘suis
952 465 1014 522 liliis
1042 468 1169 541 impone·

194 552 259 609 bant
290 562 322 609 ut
352 555 381 608 in
410 553 475 627 ipsis
498 551 653 608 nominibus
683 553 761 625 origo
790 567 884 608 eorum
913 559 1111 626 agnosceretur
1140 558 1168 607 et

195 638 290 711 quales
305 638 391 694 futuri
407 646 500 694 essent
522 638 549 692 in
571 638 638 711 ipsis
662 636 817 693 nominibus
839 636 1074 710 praetenderetur.
1098 637 1167 692 Boc-

196 725 247 778 tius
271 739 338 798 ergo
361 724 517 778 nominatus
544 731 586 778 est
614 723 716 778 anicius
747 737 778 776 eo
807 721 881 795 quod
910 721 994 777 suerit
1020 720 1054 776 de
1081 729 1167 795 gente

157 830 181 869 15
195 808 353 867 aniciorum.
377 808 456 862 anicii
478 815 568 862 autem
596 805 660 862 dieti
690 814 755 862 sunt
784 805 847 862 labii
876 808 952 880 quasi
979 807 1084 862 inuicti.
1110 806 1167 860 ani-

194 908 241 948 cos
262 887 380 966 'namque
403 908 499 966 graece
523 891 621 956 dicitur
643 893 770 948 inuictus.
800 891 890 948 dictus
913 901 956 947 est
979 897 1068 946 autem
1092 907 1165 945 man·

184 977 283 1032 'liusa
312 975 412 1033 manlio
440 983 570 1050 torquato
599 976 645 1049 qui
675 983 820 1051 torquatus
849 975 938 1033 dictus
961 984 1003 1030 est
1025 989 1057 1030 eo
1089 974 1166 1048 qued

195 1053 328 1135 singulari
349 1063 498 1117 certamine
521 1060 655 1136 quendam
679 1060 780 1136 gallum
795 1061 894 1117 uicerit
917 1069 944 1118 et
966 1069 1094 1133 torquem
1119 1077 1167 1116 au·

196 1161 273 1201 reum
297 1147 321 1201 ei
343 1145 486 1202 abstulerit
514 1154 541 1201 et
560 1147 612 1202 sibi
642 1147 811 1220 imposuerit.
850 1145 996 1202 Seuerinus
1025 1145 1166 1201 aseneri-

155 1253 181 1291 no
197 1237 252 1287 tate
267 1228 413 1286 iudiciaria.
443 1230 554 1287 Boetius
569 1230 671 1287 dieitur
693 1247 707 1285 a
731 1247 829 1304 graeco
844 1222 1021 1290 ΒωΙΘΗῦ
1038 1229 1065 1287 .ἰ,
1090 1229 1167 1284 adiu·
1212 1279 1216 1308 z

194 1323 246 1371 tor.
286 1331 318 1370 eo
342 1315 415 1388 quod
438 1315 522 1371 luerit
544 1315 653 1371 adiutor
669 1315 816 1370 multorum
839 1317 953 1371 maxime
975 1315 1096 1388 symachi
1119 1315 1168 1386 qni

193 1400 244 1455 luit
268 1416 353 1474 gener
376 1401 443 1475 eius.
482 1400 638 1458 Ordinarius
661 1399 800 1456 dicebatur
823 1402 885 1475 quia
899 1401 928 1454 in
950 1399 1082 1473 dignitate
1099 1415 1167 1454 con-

193 1484 277 1540 sulari
300 1492 358 1540 erat
374 1484 514 1540 ordinatus
539 1485 582 1540 uel
605 1486 666 1557 quia
689 1484 758 1540 alios
783 1482 923 1541 ordinabat
947 1484 991 1542 uel
1013 1499 1097 1558 super
1121 1499 1167 1538 or-

138 1637 140 1644 ·
193 1570 284 1624 iliuem
312 1568 472 1642 dignitatem
500 1568 602 1624 babens
625 1569 704 1624 etiam
732 1586 784 1641 qua
812 1569 943 1644 gradatim
967 1567 999 1624 ad
1028 1585 1167 1624 summurn
1196 1555 1202 1568 ⁸

154 1683 180 1722 25
193 1653 307 1728 gradum
330 1652 514 1726 perueniebat.
1154 1677 1155 1680 ¹

262 1866 563 1934 ldptenderenturA
607 1872 639 1930 14
652 1865 1168 1932 nominaturGlanninsdilannieius
1213 1867 1214 1872 ’

192 1939 257 1986 idern
276 1938 341 2002 teste
359 1935 480 2000 Sinnero)
502 1935 506 1998 Ι
530 1953 634 2002 genere
661 1941 682 1991 d
744 1935 783 1986 15
798 1937 975 1987 Anniciorum
995 1937 1168 1988 GlAnnicii

194 2004 407 2066 GlannieesG
476 2008 507 2056 16
533 2005 573 2056 est
596 2023 642 2056 om.
663 2006 687 2054 A
704 2003 708 2069 Ι
725 2007 809 2054 etiam
828 2006 853 2054 A
876 2008 969 2056 antem
989 2006 1011 2056 G
1031 2003 1034 2070 l
1055 2004 1170 2055 mallius

193 2074 217 2122 A
297 2069 336 2122 ‘1-'1
359 2073 454 2123 mallio
474 2079 498 2122 A
587 2075 618 2124 18
637 2072 739 2123 eallnm
762 2071 817 2130 ΑΙ
849 2089 961 2124 auream
981 2076 1006 2123 A
1040 2070 1054 2136 Ι·
1076 2073 1107 2136 cs
1123 2073 1166 2122 02·-

191 2141 302 2192 cerorle
316 2143 362 2204 sin.
383 2141 475 2204 1122,
495 2144 527 2194 ’13
563 2139 717 2206 epigramma
734 2157 777 2204 ap.
796 2141 929 2206 Meperum
951 2159 976 2192 n.
994 2143 1044 2192 714
1129 2143 1166 2192 20

192 2209 294 2258 dieitur
312 2225 358 2259 orn.
378 2212 402 2262 A
426 2208 430 2270 1
456 2209 547 2260 boites
572 2211 592 2259 G
669 2211 700 2258 21
729 2207 876 2261 multorum
900 2209 985 2260 suerit
1008 2209 1118 2260 adiutor
1138 2211 1164 2258 A

196 2309 198 2374 l
228 2312 273 2374 qui
302 2311 323 2359 G
368 2287 445 2376 naA
515 2314 547 2361 22
572 2309 965 2376 geneeroeerAlquiA
1036 2313 1069 2361 23
1089 2311 1164 2376 quod

106 2431 109 2435 ,
192 2374 301 2440 Albos
311 2376 519 2442 *Glordinesn
589 2382 622 2429 24
639 2378 685 2428 uel
705 2379 790 2427 etiam
809 2380 876 2442 quia
895 2379 1071 2442 gradatimA
1128 2381 1165 2429 25

193 2457 277 2509 perne
289 2441 313 2510 ss
322 2443 349 2510 ss
357 2442 382 2510 ss
393 2449 416 2495 A
432 2446 435 2510 l
449 2448 513 2496 daec
528 2449 567 2508 sic
585 2448 709 2496 debentur
726 2449 752 2495 in
765 2445 803 2495 B:
830 2445 947 2498 Boetius
962 2446 1079 2498 adiutor.
1101 2445 1163 2496 Ma-

192 2511 276 2562 nilius
295 2514 414 2578 prosper.
449 2513 599 2564 Seuerinus
623 2513 798 2580 consequens.
839 2515 952 2564 Anicius
976 2515 1010 2564 ab
1037 2527 1109 2563 anno
1129 2529 1163 2564 eo

102 2617 104 2620 .
192 2580 264 2644 quod
287 2585 417 2646 optarent
440 2580 500 2632 eius
519 2597 580 2632 eum
604 2597 677 2631 anno
701 2579 746 2632 sce*
768 2581 837 2636 fieri.
877 2581 1011 2632 Manilius
1030 2598 1061 2632 eo
1091 2581 1164 2646 quod

192 2653 253 2696 erat
272 2647 305 2698 de
330 2649 436 2699 familia
460 2649 565 2700 manili·
581 2652 705 2714 torquati
725 2691 730 2702 .
750 2651 791 2698 Ex
816 2649 1011 2702 conelulibui.
1036 2650 1082 2714 qui
1106 2648 1164 2700 ele-

187 2715 254 2765 ·etui
270 2716 354 2766 fuerit
372 2717 405 2767 de
424 2731 456 2766 ex
470 2717 620 2770 consolatu.
656 2718 748 2767 Anicii
760 2719 878 2767 trecenti
897 2718 965 2768 fabii
979 2718 1072 2768 uocati
1092 2717 1165 2770 sunt.

192 2784 215 2832 Α
234 2785 337 2834 crebris
351 2784 477 2836 uictoriis
494 2825 500 2837 .
520 2782 618 2850 Nische
637 2785 738 2834 dieitur
755 2785 876 2835 uictoria
895 2823 902 2836 .
921 2785 1045 2836 Anichus
1059 2784 1165 2834 dieitur

185 2852 313 2902 'inuictus
332 2852 480 2903 Seuerinus
501 2868 534 2904 ee
557 2853 630 2918 quod
653 2853 873 2917 perseuerauerit
896 2853 925 2902 in
943 2851 1032 2904 studio
1053 2853 1164 2903 artium.

194 2920 292 2968 Boetos
311 2937 340 2983 gr
357 2920 375 2973 l.
399 2919 515 2972 adiutor.
557 2920 722 2970 ordinarius
742 2921 788 2986 qni
832 2936 860 2969 er
884 2921 1000 2984 gradum
1026 2921 1164 2984 aseendit,

194 2986 328 3039 Patritius
348 2989 413 3050 qnia
435 3004 509 3039 more
531 2993 639 3054 petrum
663 2989 788 3038 faciebat
803 2937 896 3053 ssssssss
922 2991 986 3054 qnia
1017 2988 1170 3053 quinquies

191 3054 282 3106 consul
306 3055 347 3106 sni
366 3052 461 3121 ssssssss
480 3055 526 3104 len
551 3056 628 3106 dario
654 3072 706 3120 quo
729 3055 814 3105 natus
833 3055 944 3106 suerit.
967 3055 1098 3107 Aurelius
1118 3057 1164 3106 Ab
1209 3113 1214 3118 ,

191 3127 257 3173 atrro
270 3125 297 3171 et
310 3121 450 3187 splendore
469 3123 570 3184 dietus3
591 3139 661 3174 mem
674 3124 775 3174 nimius
791 3163 797 3175 .
816 3121 962 3175 Asamum
974 3125 1074 3175 mester
1088 3139 1128 3189 qu.

188 3190 264 3240 dicte
284 3189 324 3239 est
341 3191 450 3241 familia
469 3207 539 3240 mem
558 3192 673 3246 ntorum.
710 3191 884 3242 Simmaehus
894 3191 1128 3257 compugnanssi

191 3274 263 3308 con.
277 3257 389 3311 Maebia
404 3296 410 3308 .
425 3274 518 3324 pugna
533 3295 539 3308 .
556 3257 558 3324 l
572 3259 670 3309 Similia
688 3262 719 3310 de
737 3261 878 3311 nominibus
897 3260 974 3311 Boeti
992 3269 1069 3326 utque
1087 3260 1128 3324 Spa
1164 3295 1165 3298 ,

188 3327 271 3377 nizardi
286 3326 377 3377 entant
394 3329 420 3376 in
437 3329 494 3377 cod.
508 3325 697 3392 Bamberpensr'
713 3328 732 3376 I
744 3325 790 3392 (B)
809 3329 870 3393 post
888 3337 965 3393 caput
980 3331 1095 3392 primam.
1114 3329 1128 3390 s
1164 3331 1167 3372 Γ

187 3395 296 3457 prorsus
314 3397 475 3454 succendio:
494 3401 570 3460 atque
588 3397 657 3444 inter
672 3396 772 3461 glossas
790 3397 907 3461 magistri
924 3397 1079 3446 Gnillebeinri
1096 3413 1128 3462 qn
1164 3419 1165 3424 =

189 3467 301 3512 continet
318 3463 381 3512 iiber
399 3462 544 3526 Lipsiensis
562 3465 669 3527 optimus
693 3464 770 3525 (unde
794 3466 916 3530 quaedam
940 3464 1076 3528 descripsit
1112 3462 1128 3514 d
1164 3494 1165 3498 =

189 3529 277 3580 burins
293 3531 378 3594 prees.
396 3547 422 3595 p.
442 3529 559 3580 XXVII
577 3532 629 3584 uid,
646 3548 675 3596 p.
694 3530 732 3595 L)
752 3540 777 3582 et
795 3535 820 3582 in
839 3540 975 3583 commento
1000 3533 1069 3599 quod
1085 3533 1128 3582 nol
1169 3521 1181 3540 ⁸
