<?xml version="1.0" encoding="UTF-8"?>
<!DOCTYPE html PUBLIC "-//W3C//DTD XHTML 1.0 Transitional//EN"
    "http://www.w3.org/TR/xhtml1/DTD/xhtml1-transitional.dtd">
<html xmlns="http://www.w3.org/1999/xhtml" xml:lang="en" lang="en">
 <head>
  <title>
</title>
<meta http-equiv="Content-Type" content="text/html;charset=utf-8" />
  <meta name='ocr-system' content='tesseract 3.04.00' />
  <meta name='ocr-capabilities' content='ocr_page ocr_carea ocr_par ocr_line ocrx_word'/>
</head>
<body>
  <div class='ocr_page' id='page_1' title='image "aniciimanliisev00peipgoog_0079.png"; bbox 0 0 2458 3912; ppageno 0'>
   <div class='ocr_carea' id='block_1_1' title="bbox 386 177 1037 244">
    <p class='ocr_par' dir='ltr' id='par_1_1' title="bbox 386 177 1037 244">
     <span class='ocr_line' id='line_1_1' title="bbox 386 177 1037 244; baseline 0.015 -13"><span class='ocrx_word' id='word_1_1' title='bbox 386 177 680 234; x_wconf 78' lang='lat' dir='ltr'>CONSOLATIONIS</span> <span class='ocrx_word' id='word_1_2' title='bbox 698 183 712 233; x_wconf 92' lang='lat'>1</span> <span class='ocrx_word' id='word_1_3' title='bbox 820 235 824 240; x_wconf 81' lang='grc'>,</span> <span class='ocrx_word' id='word_1_4' title='bbox 1016 179 1037 244; x_wconf 76' lang='grc'><strong>7</strong></span> 
     </span>
    </p>
   </div>
   <div class='ocr_carea' id='block_1_2' title="bbox 18 352 1075 1632">
    <p class='ocr_par' dir='ltr' id='par_1_2' title="bbox 18 352 1075 1632">
     <span class='ocr_line' id='line_1_2' title="bbox 19 352 1034 433; baseline -0.003 -17"><span class='ocrx_word' id='word_1_5' title='bbox 19 355 22 396; x_wconf 79' lang='lat'><strong>³·</strong></span> <span class='ocrx_word' id='word_1_6' title='bbox 130 354 156 416; x_wconf 93' lang='lat' dir='ltr'><strong>ll</strong></span> <span class='ocrx_word' id='word_1_7' title='bbox 200 353 259 416; x_wconf 86' lang='lat' dir='ltr'><strong>Sed</strong></span> <span class='ocrx_word' id='word_1_8' title='bbox 282 352 466 423; x_wconf 79' lang='lat' dir='ltr'>medicinae,</span> <span class='ocrx_word' id='word_1_9' title='bbox 490 353 604 431; x_wconf 87' lang='lat' dir='ltr'><strong>inquit,</strong></span> <span class='ocrx_word' id='word_1_10' title='bbox 635 359 752 430; x_wconf 88' lang='lat' dir='ltr'><strong>tempus</strong></span> <span class='ocrx_word' id='word_1_11' title='bbox 778 357 822 413; x_wconf 88' lang='lat' dir='ltr'><strong>est</strong></span> <span class='ocrx_word' id='word_1_12' title='bbox 845 369 933 433; x_wconf 91' lang='lat' dir='ltr'><strong>quarn</strong></span> <span class='ocrx_word' id='word_1_13' title='bbox 962 370 1034 432; x_wconf 89' lang='lat' dir='ltr'><strong>que·</strong></span> 
     </span>
     <span class='ocr_line' id='line_1_3' title="bbox 19 405 1035 518; baseline -0.002 -16"><span class='ocrx_word' id='word_1_14' title='bbox 19 405 23 518; x_wconf 53' lang='lat' dir='ltr'>f</span> <span class='ocrx_word' id='word_1_15' title='bbox 62 439 154 503; x_wconf 89' lang='lat' dir='ltr'><strong>relae.</strong></span> <span class='ocrx_word' id='word_1_16' title='bbox 194 440 272 500; x_wconf 87' lang='lat' dir='ltr'><strong>Tum</strong></span> <span class='ocrx_word' id='word_1_17' title='bbox 295 457 371 500; x_wconf 91' lang='lat' dir='ltr'><strong>uero</strong></span> <span class='ocrx_word' id='word_1_18' title='bbox 393 439 463 499; x_wconf 90' lang='lat' dir='ltr'><strong>totis</strong></span> <span class='ocrx_word' id='word_1_19' title='bbox 485 439 518 498; x_wconf 90' lang='lat' dir='ltr'><strong>in</strong></span> <span class='ocrx_word' id='word_1_20' title='bbox 539 453 588 498; x_wconf 90' lang='lat' dir='ltr'><strong>me</strong></span> <span class='ocrx_word' id='word_1_21' title='bbox 610 439 726 499; x_wconf 90' lang='lat' dir='ltr'><strong>intenta</strong></span> <span class='ocrx_word' id='word_1_22' title='bbox 748 437 925 499; x_wconf 86' lang='lat' dir='ltr'><strong>luminibus:</strong></span> <span class='ocrx_word' id='word_1_23' title='bbox 950 438 1035 500; x_wconf 89' lang='lat' dir='ltr'><strong>Tune</strong></span> 
     </span>
     <span class='ocr_line' id='line_1_4' title="bbox 64 522 1035 606; baseline -0.003 -19.133"><span class='ocrx_word' id='word_1_24' title='bbox 64 525 115 587; x_wconf 90' lang='lat' dir='ltr'><strong>ille</strong></span> <span class='ocrx_word' id='word_1_25' title='bbox 138 544 183 595; x_wconf 89' lang='lat' dir='ltr'><strong>es,</strong></span> <span class='ocrx_word' id='word_1_26' title='bbox 207 526 264 594; x_wconf 90' lang='lat' dir='ltr'><strong>ait,</strong></span> <span class='ocrx_word' id='word_1_27' title='bbox 289 525 340 606; x_wconf 91' lang='lat' dir='ltr'><strong>qui</strong></span> <span class='ocrx_word' id='word_1_28' title='bbox 367 529 472 585; x_wconf 91' lang='lat' dir='ltr'><strong>nostro</strong></span> <span class='ocrx_word' id='word_1_29' title='bbox 493 522 642 602; x_wconf 88' lang='lat' dir='ltr'><strong>quondam</strong></span> <span class='ocrx_word' id='word_1_30' title='bbox 670 522 746 584; x_wconf 86' lang='lat' dir='ltr'><strong>laute</strong></span> <span class='ocrx_word' id='word_1_31' title='bbox 769 524 901 584; x_wconf 89' lang='lat' dir='ltr'><strong>nutritus</strong></span> <span class='ocrx_word' id='word_1_32' title='bbox 923 525 1035 584; x_wconf 92' lang='lat' dir='ltr'><strong>nostris</strong></span> 
     </span>
     <span class='ocr_line' id='line_1_5' title="bbox 18 606 1035 698; baseline -0.003 -25"><span class='ocrx_word' id='word_1_33' title='bbox 18 621 23 698; x_wconf 67' lang='lat' dir='ltr'><strong>t</strong></span> <span class='ocrx_word' id='word_1_34' title='bbox 65 611 207 673; x_wconf 76' lang='lat' dir='ltr'>educatus</span> <span class='ocrx_word' id='word_1_35' title='bbox 230 609 379 671; x_wconf 74' lang='lat' dir='ltr'><strong>alimentis</strong></span> <span class='ocrx_word' id='word_1_36' title='bbox 400 611 432 670; x_wconf 91' lang='lat' dir='ltr'><strong>in</strong></span> <span class='ocrx_word' id='word_1_37' title='bbox 454 607 553 670; x_wconf 88' lang='lat' dir='ltr'><strong>uirilis</strong></span> <span class='ocrx_word' id='word_1_38' title='bbox 575 610 668 670; x_wconf 90' lang='lat' dir='ltr'><strong>animi</strong></span> <span class='ocrx_word' id='word_1_39' title='bbox 690 606 784 669; x_wconf 90' lang='lat' dir='ltr'><strong>robur</strong></span> <span class='ocrx_word' id='word_1_40' title='bbox 800 609 959 670; x_wconf 84' lang='lat' dir='ltr'><strong>euaserasl</strong></span> <span class='ocrx_word' id='word_1_41' title='bbox 982 609 1035 670; x_wconf 80' lang='lat' dir='ltr'><strong>lt-</strong></span> 
     </span>
     <span class='ocr_line' id='line_1_6' title="bbox 18 691 1075 784; baseline -0.003 -26"><span class='ocrx_word' id='word_1_42' title='bbox 18 699 23 784; x_wconf 62' lang='lat' dir='ltr'><strong>&#39;f</strong></span> <span class='ocrx_word' id='word_1_43' title='bbox 63 697 118 778; x_wconf 87' lang='lat' dir='ltr'><strong>qui</strong></span> <span class='ocrx_word' id='word_1_44' title='bbox 137 694 208 757; x_wconf 91' lang='lat' dir='ltr'><strong>talia</strong></span> <span class='ocrx_word' id='word_1_45' title='bbox 231 695 453 757; x_wconf 81' lang='lat' dir='ltr'><strong>contuleramus</strong></span> <span class='ocrx_word' id='word_1_46' title='bbox 476 711 558 754; x_wconf 91' lang='lat' dir='ltr'><strong>arma</strong></span> <span class='ocrx_word' id='word_1_47' title='bbox 580 711 655 774; x_wconf 87' lang='lat' dir='ltr'><strong>quae</strong></span> <span class='ocrx_word' id='word_1_48' title='bbox 680 694 740 754; x_wconf 89' lang='lat' dir='ltr'><strong>nisi</strong></span> <span class='ocrx_word' id='word_1_49' title='bbox 754 695 839 774; x_wconf 93' lang='lat' dir='ltr'><strong>prior</strong></span> <span class='ocrx_word' id='word_1_50' title='bbox 862 691 1032 764; x_wconf 84' lang='lat' dir='ltr'><strong>abiecisses,</strong></span> <span class='ocrx_word' id='word_1_51' title='bbox 1060 705 1075 748; x_wconf 77' lang='lat' dir='ltr'><strong>a</strong></span> 
     </span>
     <span class='ocr_line' id='line_1_7' title="bbox 67 778 1035 859; baseline -0.004 -15.193"><span class='ocrx_word' id='word_1_52' title='bbox 67 784 178 844; x_wconf 80' lang='lat' dir='ltr'><strong>inuicta</strong></span> <span class='ocrx_word' id='word_1_53' title='bbox 205 785 235 842; x_wconf 88' lang='lat' dir='ltr'><strong>te</strong></span> <span class='ocrx_word' id='word_1_54' title='bbox 262 781 404 842; x_wconf 89' lang='lat' dir='ltr'><strong>firmitate</strong></span> <span class='ocrx_word' id='word_1_55' title='bbox 432 785 599 841; x_wconf 89' lang='lat' dir='ltr'><strong>tuerentur.</strong></span> <span class='ocrx_word' id='word_1_56' title='bbox 652 780 836 859; x_wconf 78' lang='lat' dir='ltr'>Agnoscisne</span> <span class='ocrx_word' id='word_1_57' title='bbox 865 779 930 840; x_wconf 88' lang='lat' dir='ltr'><strong>mel</strong></span> <span class='ocrx_word' id='word_1_58' title='bbox 956 778 1035 859; x_wconf 64' lang='lat' dir='ltr'><strong>,quid</strong></span> 
     </span>
     <span class='ocr_line' id='line_1_8' title="bbox 18 863 1035 945; baseline -0.004 -16"><span class='ocrx_word' id='word_1_59' title='bbox 18 863 21 940; x_wconf 73' lang='grc' dir='ltr'><em>ξ</em></span> <span class='ocrx_word' id='word_1_60' title='bbox 63 867 164 929; x_wconf 85' lang='lat' dir='ltr'><strong>taeesl</strong></span> <span class='ocrx_word' id='word_1_61' title='bbox 191 865 308 944; x_wconf 90' lang='lat' dir='ltr'><strong>pudore</strong></span> <span class='ocrx_word' id='word_1_62' title='bbox 331 884 368 927; x_wconf 87' lang='lat' dir='ltr'><strong>an</strong></span> <span class='ocrx_word' id='word_1_63' title='bbox 392 873 516 945; x_wconf 78' lang='lat' dir='ltr'>stupore</span> <span class='ocrx_word' id='word_1_64' title='bbox 538 863 665 926; x_wconf 73' lang='lat' dir='ltr'><strong>siluisti?</strong></span> <span class='ocrx_word' id='word_1_65' title='bbox 688 864 805 926; x_wconf 89' lang='lat' dir='ltr'><strong>mallem</strong></span> <span class='ocrx_word' id='word_1_66' title='bbox 827 863 957 944; x_wconf 88' lang='lat' dir='ltr'><strong>pudore,</strong></span> <span class='ocrx_word' id='word_1_67' title='bbox 982 864 1035 926; x_wconf 89' lang='lat' dir='ltr'><strong>sed</strong></span> 
     </span>
     <span class='ocr_line' id='line_1_9' title="bbox 18 948 1034 1033; baseline -0.006 -19"><span class='ocrx_word' id='word_1_68' title='bbox 18 951 20 1030; x_wconf 67' lang='grc' dir='ltr'><em>ζ</em></span> <span class='ocrx_word' id='word_1_69' title='bbox 65 962 96 1014; x_wconf 90' lang='lat' dir='ltr'><strong>te</strong></span> <span class='ocrx_word' id='word_1_70' title='bbox 120 961 151 1012; x_wconf 86' lang='lat' dir='ltr'><strong>nt</strong></span> <span class='ocrx_word' id='word_1_71' title='bbox 171 952 262 1013; x_wconf 90' lang='lat' dir='ltr'><strong>uideo</strong></span> <span class='ocrx_word' id='word_1_72' title='bbox 286 959 391 1033; x_wconf 82' lang='lat' dir='ltr'><strong>stupor</strong></span> <span class='ocrx_word' id='word_1_73' title='bbox 420 951 578 1031; x_wconf 77' lang='lat' dir='ltr'><strong>oppressit.</strong></span> <span class='ocrx_word' id='word_1_74' title='bbox 625 949 757 1031; x_wconf 85' lang='lat' dir='ltr'>Cumque</span> <span class='ocrx_word' id='word_1_75' title='bbox 786 967 834 1011; x_wconf 91' lang='lat' dir='ltr'><strong>me</strong></span> <span class='ocrx_word' id='word_1_76' title='bbox 857 959 922 1011; x_wconf 78' lang='lat' dir='ltr'><strong>non&#39;</strong></span> <span class='ocrx_word' id='word_1_77' title='bbox 945 948 1034 1010; x_wconf 88' lang='lat' dir='ltr'><strong>modo</strong></span> 
     </span>
     <span class='ocr_line' id='line_1_10' title="bbox 66 1036 1034 1116; baseline -0.002 -18.094"><span class='ocrx_word' id='word_1_78' title='bbox 66 1039 188 1098; x_wconf 83' lang='lat' dir='ltr'><strong>tacitum</strong></span> <span class='ocrx_word' id='word_1_79' title='bbox 210 1036 263 1098; x_wconf 88' lang='lat' dir='ltr'><strong>sed</strong></span> <span class='ocrx_word' id='word_1_80' title='bbox 287 1036 437 1115; x_wconf 78' lang='lat' dir='ltr'><strong>eltnguem</strong></span> <span class='ocrx_word' id='word_1_81' title='bbox 460 1053 584 1116; x_wconf 89' lang='lat' dir='ltr'><strong>prorsus</strong></span> <span class='ocrx_word' id='word_1_82' title='bbox 609 1043 785 1116; x_wconf 89' lang='lat' dir='ltr'><strong>mutumque</strong></span> <span class='ocrx_word' id='word_1_83' title='bbox 806 1036 948 1106; x_wconf 86' lang='lat' dir='ltr'><strong>uidisset,</strong></span> <span class='ocrx_word' id='word_1_84' title='bbox 972 1052 1034 1096; x_wconf 91' lang='lat' dir='ltr'><strong>am-</strong></span> 
     </span>
     <span class='ocr_line' id='line_1_11' title="bbox 67 1119 1073 1203; baseline -0.008 -21.372"><span class='ocrx_word' id='word_1_85' title='bbox 67 1124 161 1184; x_wconf 88' lang='lat' dir='ltr'><strong>monit</strong></span> <span class='ocrx_word' id='word_1_86' title='bbox 192 1121 308 1203; x_wconf 78' lang='lat' dir='ltr'><strong>pectori</strong></span> <span class='ocrx_word' id='word_1_87' title='bbox 335 1139 403 1183; x_wconf 92' lang='lat' dir='ltr'><strong>meo</strong></span> <span class='ocrx_word' id='word_1_88' title='bbox 431 1121 541 1183; x_wconf 88' lang='lat' dir='ltr'><strong>leniter</strong></span> <span class='ocrx_word' id='word_1_89' title='bbox 572 1139 691 1183; x_wconf 88' lang='lat' dir='ltr'><strong>manum</strong></span> <span class='ocrx_word' id='word_1_90' title='bbox 726 1127 770 1182; x_wconf 82' lang='lat' dir='ltr'><strong>et:</strong></span> <span class='ocrx_word' id='word_1_91' title='bbox 800 1119 896 1191; x_wconf 90' lang='lat' dir='ltr'><strong>Nihil,</strong></span> <span class='ocrx_word' id='word_1_92' title='bbox 925 1121 1073 1200; x_wconf 75' lang='lat' dir='ltr'><strong>inquito</strong></span> 
     </span>
     <span class='ocr_line' id='line_1_12' title="bbox 18 1205 1034 1292; baseline -0.002 -24"><span class='ocrx_word' id='word_1_93' title='bbox 18 1209 23 1292; x_wconf 59' lang='lat' dir='ltr'><strong>t</strong></span> <span class='ocrx_word' id='word_1_94' title='bbox 68 1208 170 1288; x_wconf 80' lang='lat' dir='ltr'><strong>periali</strong></span> <span class='ocrx_word' id='word_1_95' title='bbox 198 1213 260 1276; x_wconf 88' lang='lat' dir='ltr'><strong>est,</strong></span> <span class='ocrx_word' id='word_1_96' title='bbox 293 1205 463 1286; x_wconf 82' lang='lat' dir='ltr'><strong>lethargum</strong></span> <span class='ocrx_word' id='word_1_97' title='bbox 497 1208 612 1287; x_wconf 90' lang='lat' dir='ltr'><strong>patitur</strong></span> <span class='ocrx_word' id='word_1_98' title='bbox 646 1223 834 1268; x_wconf 80' lang='lat' dir='ltr'><strong>communem</strong></span> <span class='ocrx_word' id='word_1_99' title='bbox 867 1205 1034 1268; x_wconf 81' lang='lat' dir='ltr'><strong>inlusarum</strong></span> 
     </span>
     <span class='ocr_line' id='line_1_13' title="bbox 18 1289 1035 1374; baseline -0.002 -20"><span class='ocrx_word' id='word_1_100' title='bbox 18 1293 26 1374; x_wconf 73' lang='lat' dir='ltr'>J</span> <span class='ocrx_word' id='word_1_101' title='bbox 68 1294 209 1354; x_wconf 84' lang='lat' dir='ltr'><strong>mentium</strong></span> <span class='ocrx_word' id='word_1_102' title='bbox 231 1291 383 1355; x_wconf 90' lang='lat' dir='ltr'><strong>morbum.</strong></span> <span class='ocrx_word' id='word_1_103' title='bbox 428 1291 481 1354; x_wconf 90' lang='lat' dir='ltr'><strong>Sui</strong></span> <span class='ocrx_word' id='word_1_104' title='bbox 503 1291 654 1372; x_wconf 85' lang='lat' dir='ltr'><strong>paulisper</strong></span> <span class='ocrx_word' id='word_1_105' title='bbox 676 1289 786 1352; x_wconf 91' lang='lat' dir='ltr'><strong>oblitus</strong></span> <span class='ocrx_word' id='word_1_106' title='bbox 808 1298 869 1362; x_wconf 87' lang='lat' dir='ltr'><strong>est,</strong></span> <span class='ocrx_word' id='word_1_107' title='bbox 893 1290 1035 1352; x_wconf 86' lang='lat' dir='ltr'><strong>reeorda-</strong></span> 
     </span>
     <span class='ocr_line' id='line_1_14' title="bbox 70 1374 1036 1459; baseline 0.002 -24.898"><span class='ocrx_word' id='word_1_108' title='bbox 70 1377 151 1439; x_wconf 91' lang='lat' dir='ltr'><strong>bitur</strong></span> <span class='ocrx_word' id='word_1_109' title='bbox 171 1377 275 1448; x_wconf 82' lang='lat' dir='ltr'><strong>facile,</strong></span> <span class='ocrx_word' id='word_1_110' title='bbox 300 1380 326 1440; x_wconf 92' lang='lat' dir='ltr'><strong>sl</strong></span> <span class='ocrx_word' id='word_1_111' title='bbox 349 1377 471 1459; x_wconf 90' lang='lat' dir='ltr'><strong>quidem</strong></span> <span class='ocrx_word' id='word_1_112' title='bbox 494 1395 549 1440; x_wconf 90' lang='lat' dir='ltr'><strong>nos</strong></span> <span class='ocrx_word' id='word_1_113' title='bbox 578 1382 645 1438; x_wconf 90' lang='lat' dir='ltr'><strong>ante</strong></span> <span class='ocrx_word' id='word_1_114' title='bbox 668 1377 851 1454; x_wconf 80' lang='lat' dir='ltr'><strong>cognouerit.</strong></span> <span class='ocrx_word' id='word_1_115' title='bbox 896 1374 980 1447; x_wconf 84' lang='lat' dir='ltr'><strong>Quod</strong></span> <span class='ocrx_word' id='word_1_116' title='bbox 1002 1382 1036 1436; x_wconf 92' lang='lat' dir='ltr'><strong>ut</strong></span> 
     </span>
     <span class='ocr_line' id='line_1_15' title="bbox 70 1460 1034 1545; baseline -0.004 -21.205"><span class='ocrx_word' id='word_1_117' title='bbox 70 1465 174 1542; x_wconf 89' lang='lat' dir='ltr'><strong>possit,</strong></span> <span class='ocrx_word' id='word_1_118' title='bbox 202 1463 356 1545; x_wconf 87' lang='lat' dir='ltr'><strong>paulisper</strong></span> <span class='ocrx_word' id='word_1_119' title='bbox 384 1462 497 1524; x_wconf 86' lang='lat' dir='ltr'><strong>lumina</strong></span> <span class='ocrx_word' id='word_1_120' title='bbox 525 1463 589 1524; x_wconf 91' lang='lat' dir='ltr'><strong>eius</strong></span> <span class='ocrx_word' id='word_1_121' title='bbox 616 1461 786 1522; x_wconf 89' lang='lat' dir='ltr'><strong>mortalium</strong></span> <span class='ocrx_word' id='word_1_122' title='bbox 818 1478 920 1522; x_wconf 92' lang='lat' dir='ltr'><strong>rerum</strong></span> <span class='ocrx_word' id='word_1_123' title='bbox 953 1460 1034 1522; x_wconf 87' lang='lat' dir='ltr'><strong>nube</strong></span> 
     </span>
     <span class='ocr_line' id='line_1_16' title="bbox 18 1543 1071 1632; baseline -0.002 -22"><span class='ocrx_word' id='word_1_124' title='bbox 18 1557 20 1632; x_wconf 75' lang='grc' dir='ltr'><strong>ξ</strong></span> <span class='ocrx_word' id='word_1_125' title='bbox 69 1547 220 1627; x_wconf 80' lang='lat' dir='ltr'><strong>caligantia</strong></span> <span class='ocrx_word' id='word_1_126' title='bbox 242 1558 408 1628; x_wconf 77' lang='lat' dir='ltr'><strong>tergamus.</strong></span> <span class='ocrx_word' id='word_1_127' title='bbox 438 1548 519 1609; x_wconf 84' lang='lat' dir='ltr'><strong>llaec</strong></span> <span class='ocrx_word' id='word_1_128' title='bbox 536 1548 612 1610; x_wconf 84' lang='lat' dir='ltr'><strong>dixit</strong></span> <span class='ocrx_word' id='word_1_129' title='bbox 627 1547 788 1627; x_wconf 79' lang='lat' dir='ltr'><strong>oculosque</strong></span> <span class='ocrx_word' id='word_1_130' title='bbox 804 1563 888 1608; x_wconf 87' lang='lat' dir='ltr'><strong>meos</strong></span> <span class='ocrx_word' id='word_1_131' title='bbox 909 1543 1033 1609; x_wconf 86' lang='lat' dir='ltr'><strong>lletibus</strong></span> <span class='ocrx_word' id='word_1_132' title='bbox 1045 1559 1071 1600; x_wconf 85' lang='lat'><strong>1⁵</strong></span> 
     </span>
    </p>
   </div>
   <div class='ocr_carea' id='block_1_3' title="bbox 18 1631 833 1720">
    <p class='ocr_par' dir='ltr' id='par_1_3' title="bbox 18 1631 833 1720">
     <span class='ocr_line' id='line_1_17' title="bbox 18 1631 833 1720; baseline -0.002 -25"><span class='ocrx_word' id='word_1_133' title='bbox 18 1659 20 1720; x_wconf 65' lang='lat' dir='ltr'><strong>p</strong></span> <span class='ocrx_word' id='word_1_134' title='bbox 70 1634 211 1696; x_wconf 87' lang='lat' dir='ltr'><strong>undantes</strong></span> <span class='ocrx_word' id='word_1_135' title='bbox 234 1641 387 1696; x_wconf 88' lang='lat' dir='ltr'><strong>eontracta</strong></span> <span class='ocrx_word' id='word_1_136' title='bbox 409 1635 442 1694; x_wconf 92' lang='lat' dir='ltr'><strong>in</strong></span> <span class='ocrx_word' id='word_1_137' title='bbox 463 1649 568 1712; x_wconf 89' lang='lat' dir='ltr'><strong>rugam</strong></span> <span class='ocrx_word' id='word_1_138' title='bbox 592 1641 676 1694; x_wconf 86' lang='lat' dir='ltr'><strong>ueste</strong></span> <span class='ocrx_word' id='word_1_139' title='bbox 699 1631 833 1694; x_wconf 87' lang='lat' dir='ltr'><strong>sioeauit.</strong></span> 
     </span>
    </p>
   </div>
   <div class='ocr_carea' id='block_1_4' title="bbox 17 1834 891 1919">
    <p class='ocr_par' dir='ltr' id='par_1_4' title="bbox 17 1819 891 1919">
     <span class='ocr_line' id='line_1_18' title="bbox 17 1834 891 1919; baseline -0.001 -22"><span class='ocrx_word' id='word_1_140' title='bbox 17 1847 22 1918; x_wconf 68' lang='lat' dir='ltr'><strong>t</strong></span> <span class='ocrx_word' id='word_1_141' title='bbox 72 1837 110 1898; x_wconf 92' lang='lat' dir='ltr'><strong>lll</strong></span> <span class='ocrx_word' id='word_1_142' title='bbox 132 1837 214 1900; x_wconf 82' lang='lat' dir='ltr'><strong>&#39;lune</strong></span> <span class='ocrx_word' id='word_1_143' title='bbox 236 1856 284 1900; x_wconf 89' lang='lat' dir='ltr'><strong>me</strong></span> <span class='ocrx_word' id='word_1_144' title='bbox 308 1837 441 1900; x_wconf 89' lang='lat' dir='ltr'><strong>discussa</strong></span> <span class='ocrx_word' id='word_1_145' title='bbox 463 1838 620 1919; x_wconf 87' lang='lat' dir='ltr'><strong>liquerunt</strong></span> <span class='ocrx_word' id='word_1_146' title='bbox 640 1841 727 1897; x_wconf 90' lang='lat' dir='ltr'><strong>noete</strong></span> <span class='ocrx_word' id='word_1_147' title='bbox 749 1834 891 1899; x_wconf 86' lang='lat' dir='ltr'><strong>tenebrae</strong></span> 
     </span>
    </p>
   </div>
   <div class='ocr_carea' id='block_1_5' title="bbox 17 1921 1074 2528">
    <p class='ocr_par' dir='ltr' id='par_1_5' title="bbox 17 1921 766 2004">
     <span class='ocr_line' id='line_1_19' title="bbox 17 1921 766 2004; baseline -0.004 -19"><span class='ocrx_word' id='word_1_148' title='bbox 17 1993 18 2000; x_wconf 13' lang='lat' dir='ltr'><strong>p</strong></span> <span class='ocrx_word' id='word_1_149' title='bbox 191 1921 428 2004; x_wconf 85' lang='lat' dir='ltr'><strong>Luminibusque</strong></span> <span class='ocrx_word' id='word_1_150' title='bbox 449 1925 534 2004; x_wconf 90' lang='lat' dir='ltr'><strong>prior</strong></span> <span class='ocrx_word' id='word_1_151' title='bbox 555 1923 648 1984; x_wconf 87' lang='lat' dir='ltr'><strong>rediit</strong></span> <span class='ocrx_word' id='word_1_152' title='bbox 669 1923 766 2000; x_wconf 89' lang='lat' dir='ltr'><strong>uigor.</strong></span> 
     </span>
    </p>

    <p class='ocr_par' dir='ltr' id='par_1_6' title="bbox 17 2003 899 2176">
     <span class='ocr_line' id='line_1_20' title="bbox 131 2007 899 2089; baseline 0 -21"><span class='ocrx_word' id='word_1_153' title='bbox 131 2007 179 2078; x_wconf 88' lang='lat' dir='ltr'><strong>Vt,</strong></span> <span class='ocrx_word' id='word_1_154' title='bbox 203 2026 272 2070; x_wconf 87' lang='lat' dir='ltr'><strong>eum</strong></span> <span class='ocrx_word' id='word_1_155' title='bbox 294 2010 453 2089; x_wconf 84' lang='lat' dir='ltr'><strong>praecipiti</strong></span> <span class='ocrx_word' id='word_1_156' title='bbox 476 2007 680 2088; x_wconf 82' lang='lat' dir='ltr'><strong>glomerantur</strong></span> <span class='ocrx_word' id='word_1_157' title='bbox 703 2007 806 2068; x_wconf 82' lang='lat' dir='ltr'><strong>nubila</strong></span> <span class='ocrx_word' id='word_1_158' title='bbox 828 2025 899 2068; x_wconf 86' lang='lat' dir='ltr'><strong>coro</strong></span> 
     </span>
     <span class='ocr_line' id='line_1_21' title="bbox 191 2091 804 2174; baseline -0.003 -19.442"><span class='ocrx_word' id='word_1_159' title='bbox 191 2092 403 2174; x_wconf 84' lang='lat' dir='ltr'><strong>Nimbosisque</strong></span> <span class='ocrx_word' id='word_1_160' title='bbox 425 2093 512 2173; x_wconf 91' lang='lat' dir='ltr'><strong>polus</strong></span> <span class='ocrx_word' id='word_1_161' title='bbox 534 2095 618 2155; x_wconf 90' lang='lat' dir='ltr'><strong>stetit</strong></span> <span class='ocrx_word' id='word_1_162' title='bbox 639 2091 804 2163; x_wconf 88' lang='lat' dir='ltr'><strong>imbribus,</strong></span> 
     </span>
    </p>

    <p class='ocr_par' dir='ltr' id='par_1_7' title="bbox 17 2176 1074 2342">
     <span class='ocr_line' id='line_1_22' title="bbox 17 2176 1074 2256; baseline -0.011 -15"><span class='ocrx_word' id='word_1_163' title='bbox 17 2179 20 2256; x_wconf 78' lang='lat' dir='ltr'><strong>l</strong></span> <span class='ocrx_word' id='word_1_164' title='bbox 132 2177 178 2240; x_wconf 90' lang='lat' dir='ltr'><strong>Sol</strong></span> <span class='ocrx_word' id='word_1_165' title='bbox 201 2179 272 2240; x_wconf 90' lang='lat' dir='ltr'><strong>latet</strong></span> <span class='ocrx_word' id='word_1_166' title='bbox 295 2198 329 2241; x_wconf 88' lang='lat' dir='ltr'><strong>ao</strong></span> <span class='ocrx_word' id='word_1_167' title='bbox 351 2179 484 2240; x_wconf 90' lang='lat' dir='ltr'><strong>nondum</strong></span> <span class='ocrx_word' id='word_1_168' title='bbox 507 2179 589 2240; x_wconf 87' lang='lat' dir='ltr'><strong>caelo</strong></span> <span class='ocrx_word' id='word_1_169' title='bbox 611 2176 804 2239; x_wconf 89' lang='lat' dir='ltr'><strong>uenientibus</strong></span> <span class='ocrx_word' id='word_1_170' title='bbox 826 2176 929 2246; x_wconf 85' lang='lat' dir='ltr'><strong>astris,</strong></span> <span class='ocrx_word' id='word_1_171' title='bbox 1058 2189 1074 2229; x_wconf 83' lang='lat' dir='ltr'><strong>s</strong></span> 
     </span>
     <span class='ocr_line' id='line_1_23' title="bbox 17 2259 771 2342; baseline -0.005 -16"><span class='ocrx_word' id='word_1_172' title='bbox 17 2259 19 2340; x_wconf 79' lang='grc' dir='ltr'>ξ</span> <span class='ocrx_word' id='word_1_173' title='bbox 190 2264 327 2342; x_wconf 88' lang='lat' dir='ltr'><strong>Desuper</strong></span> <span class='ocrx_word' id='word_1_174' title='bbox 348 2266 380 2325; x_wconf 92' lang='lat' dir='ltr'><strong>in</strong></span> <span class='ocrx_word' id='word_1_175' title='bbox 402 2273 514 2326; x_wconf 91' lang='lat' dir='ltr'><strong>terram</strong></span> <span class='ocrx_word' id='word_1_176' title='bbox 536 2282 596 2326; x_wconf 85' lang='lat' dir='ltr'><strong>nox</strong></span> <span class='ocrx_word' id='word_1_177' title='bbox 617 2262 771 2324; x_wconf 83' lang='lat' dir='ltr'><strong>tunditur:</strong></span> 
     </span>
    </p>

    <p class='ocr_par' dir='ltr' id='par_1_8' title="bbox 17 2341 859 2442">
     <span class='ocr_line' id='line_1_24' title="bbox 17 2341 859 2442; baseline -0.001 -33"><span class='ocrx_word' id='word_1_178' title='bbox 17 2341 24 2442; x_wconf 56' lang='grc' dir='ltr'>ᾗ</span> <span class='ocrx_word' id='word_1_179' title='bbox 131 2347 212 2410; x_wconf 86' lang='lat' dir='ltr'><strong>Hane</strong></span> <span class='ocrx_word' id='word_1_180' title='bbox 234 2351 261 2410; x_wconf 88' lang='lat' dir='ltr'><strong>sl</strong></span> <span class='ocrx_word' id='word_1_181' title='bbox 283 2349 411 2411; x_wconf 81' lang='lat' dir='ltr'><strong>threicio</strong></span> <span class='ocrx_word' id='word_1_182' title='bbox 434 2348 541 2412; x_wconf 89' lang='lat' dir='ltr'><strong>boreas</strong></span> <span class='ocrx_word' id='word_1_183' title='bbox 564 2350 692 2410; x_wconf 89' lang='lat' dir='ltr'><strong>emissus</strong></span> <span class='ocrx_word' id='word_1_184' title='bbox 712 2346 749 2408; x_wconf 89' lang='lat' dir='ltr'><strong>ab</strong></span> <span class='ocrx_word' id='word_1_185' title='bbox 773 2353 859 2408; x_wconf 91' lang='lat' dir='ltr'><strong>antro</strong></span> 
     </span>
    </p>

    <p class='ocr_par' dir='ltr' id='par_1_9' title="bbox 17 2433 803 2528">
     <span class='ocr_line' id='line_1_25' title="bbox 17 2433 803 2528; baseline -0.001 -34"><span class='ocrx_word' id='word_1_186' title='bbox 17 2443 23 2528; x_wconf 59' lang='lat' dir='ltr'><strong>l,</strong></span> <span class='ocrx_word' id='word_1_187' title='bbox 190 2433 338 2497; x_wconf 87' lang='lat' dir='ltr'><strong>Verberet</strong></span> <span class='ocrx_word' id='word_1_188' title='bbox 360 2442 390 2496; x_wconf 92' lang='lat' dir='ltr'><strong>et</strong></span> <span class='ocrx_word' id='word_1_189' title='bbox 413 2434 546 2496; x_wconf 81' lang='lat' dir='ltr'><strong>clausum</strong></span> <span class='ocrx_word' id='word_1_190' title='bbox 568 2439 685 2496; x_wconf 90' lang='lat' dir='ltr'><strong>reseret</strong></span> <span class='ocrx_word' id='word_1_191' title='bbox 707 2433 803 2503; x_wconf 89' lang='lat' dir='ltr'><strong>diem,</strong></span> 
     </span>
    </p>
   </div>
   <div class='ocr_carea' id='block_1_6' title="bbox 17 2700 1036 3066">
    <p class='ocr_par' dir='ltr' id='par_1_10' title="bbox 17 2695 1036 3066">
     <span class='ocr_line' id='line_1_26' title="bbox 135 2700 1035 2788; baseline -0.007 -15.811"><span class='ocrx_word' id='word_1_192' title='bbox 135 2723 164 2772; x_wconf 88' lang='lat' dir='ltr'><strong>P.</strong></span> <span class='ocrx_word' id='word_1_193' title='bbox 181 2720 222 2787; x_wconf 90' lang='lat'><strong>11]</strong></span> <span class='ocrx_word' id='word_1_194' title='bbox 260 2724 375 2788; x_wconf 86' lang='lat' dir='ltr'><strong>lquam</strong></span> <span class='ocrx_word' id='word_1_195' title='bbox 393 2738 415 2772; x_wconf 84' lang='grc' dir='ltr'><strong><em>ω</em></strong></span> <span class='ocrx_word' id='word_1_196' title='bbox 444 2738 499 2773; x_wconf 92' lang='lat' dir='ltr'><strong>non</strong></span> <span class='ocrx_word' id='word_1_197' title='bbox 517 2723 542 2773; x_wconf 80' lang='lat' dir='ltr'><em>A</em></span> <span class='ocrx_word' id='word_1_198' title='bbox 557 2719 563 2787; x_wconf 92' lang='grc' dir='ltr'>Ι</span> <span class='ocrx_word' id='word_1_199' title='bbox 578 2721 702 2788; x_wconf 65' lang='lat' dir='ltr'><strong>querella</strong></span> <span class='ocrx_word' id='word_1_200' title='bbox 721 2719 751 2771; x_wconf 82' lang='lat'><strong>0¹</strong></span> <span class='ocrx_word' id='word_1_201' title='bbox 820 2700 994 2769; x_wconf 77' lang='lat' dir='ltr'><strong>4⁸limentil</strong></span> <span class='ocrx_word' id='word_1_202' title='bbox 1008 2717 1035 2768; x_wconf 82' lang='grc' dir='ltr'><em>Ε</em></span> 
     </span>
     <span class='ocr_line' id='line_1_27' title="bbox 74 2783 1032 2855; baseline -0.005 -16.281"><span class='ocrx_word' id='word_1_203' title='bbox 74 2787 316 2855; x_wconf 74' lang='lat' dir='ltr'><strong>bbgnoseelneT</strong></span> <span class='ocrx_word' id='word_1_204' title='bbox 367 2789 500 2842; x_wconf 77' lang='lat' dir='ltr'><strong>imolam</strong></span> <span class='ocrx_word' id='word_1_205' title='bbox 511 2788 548 2841; x_wconf 88' lang='lat' dir='ltr'><strong>K¹</strong></span> <span class='ocrx_word' id='word_1_206' title='bbox 601 2787 776 2854; x_wconf 73' lang='lat' dir='ltr'><strong>seunquen‘</strong></span> <span class='ocrx_word' id='word_1_207' title='bbox 831 2785 978 2851; x_wconf 84' lang='lat' dir='ltr'><strong>9elingem</strong></span> <span class='ocrx_word' id='word_1_208' title='bbox 993 2783 1032 2851; x_wconf 78' lang='lat' dir='ltr'><strong>Tl</strong></span> 
     </span>
     <span class='ocr_line' id='line_1_28' title="bbox 17 2851 1035 2924; baseline -0.001 -20"><span class='ocrx_word' id='word_1_209' title='bbox 17 2861 21 2898; x_wconf 85' lang='lat' dir='ltr'><strong>l</strong></span> <span class='ocrx_word' id='word_1_210' title='bbox 75 2855 139 2907; x_wconf 83' lang='lat' dir='ltr'><strong>adm.</strong></span> <span class='ocrx_word' id='word_1_211' title='bbox 158 2857 225 2909; x_wconf 78' lang='lat' dir='ltr'><strong>T²E</strong></span> <span class='ocrx_word' id='word_1_212' title='bbox 243 2858 349 2909; x_wconf 83' lang='lat' dir='ltr'><strong>amauit</strong></span> <span class='ocrx_word' id='word_1_213' title='bbox 367 2858 396 2909; x_wconf 89' lang='lat' dir='ltr'><em>K</em></span> <span class='ocrx_word' id='word_1_214' title='bbox 469 2861 499 2909; x_wconf 91' lang='grc'><strong>11</strong></span> <span class='ocrx_word' id='word_1_215' title='bbox 522 2857 606 2924; x_wconf 86' lang='lat' dir='ltr'><strong>prioli</strong></span> <span class='ocrx_word' id='word_1_216' title='bbox 626 2857 658 2908; x_wconf 80' lang='lat' dir='ltr'><strong>T¹</strong></span> <span class='ocrx_word' id='word_1_217' title='bbox 687 2854 787 2922; x_wconf 83' lang='lat' dir='ltr'><strong>periali</strong></span> <span class='ocrx_word' id='word_1_218' title='bbox 804 2854 859 2905; x_wconf 82' lang='grc' dir='ltr'><strong>ΕΚ</strong></span> <span class='ocrx_word' id='word_1_219' title='bbox 877 2851 881 2920; x_wconf 93' lang='grc' dir='ltr'>Ι</span> <span class='ocrx_word' id='word_1_220' title='bbox 901 2856 952 2905; x_wconf 88' lang='lat' dir='ltr'><strong>loet</strong></span> <span class='ocrx_word' id='word_1_221' title='bbox 973 2854 1035 2904; x_wconf 82' lang='lat' dir='ltr'><strong>bar-</strong></span> 
     </span>
     <span class='ocr_line' id='line_1_29' title="bbox 17 2918 1036 2992; baseline -0.01 -10"><span class='ocrx_word' id='word_1_222' title='bbox 17 2939 21 2982; x_wconf 77' lang='grc'><strong>’.-</strong></span> <span class='ocrx_word' id='word_1_223' title='bbox 76 2937 133 2988; x_wconf 74' lang='lat' dir='ltr'><strong>gum</strong></span> <span class='ocrx_word' id='word_1_224' title='bbox 150 2925 253 2989; x_wconf 87' lang='lat' dir='ltr'><strong>(loetb</strong></span> <span class='ocrx_word' id='word_1_225' title='bbox 275 2930 308 2977; x_wconf 88' lang='lat' dir='ltr'><strong>al.</strong></span> <span class='ocrx_word' id='word_1_226' title='bbox 328 2929 355 2978; x_wconf 83' lang='lat' dir='ltr'><strong>la</strong></span> <span class='ocrx_word' id='word_1_227' title='bbox 371 2942 425 2977; x_wconf 83' lang='lat' dir='ltr'><strong>rar.</strong></span> <span class='ocrx_word' id='word_1_228' title='bbox 445 2928 472 2977; x_wconf 80' lang='lat' dir='ltr'><strong>ni</strong></span> <span class='ocrx_word' id='word_1_229' title='bbox 486 2925 521 2992; x_wconf 76' lang='lat' dir='ltr'><strong>f.)</strong></span> <span class='ocrx_word' id='word_1_230' title='bbox 543 2927 568 2977; x_wconf 79' lang='grc' dir='ltr'><em>Τ</em></span> <span class='ocrx_word' id='word_1_231' title='bbox 592 2925 677 2976; x_wconf 84' lang='lat' dir='ltr'><strong>leeth.</strong></span> <span class='ocrx_word' id='word_1_232' title='bbox 695 2918 725 2975; x_wconf 76' lang='grc' dir='ltr'><em>Ε</em></span> <span class='ocrx_word' id='word_1_233' title='bbox 746 2922 815 2974; x_wconf 85' lang='lat' dir='ltr'><strong>leth.</strong></span> <span class='ocrx_word' id='word_1_234' title='bbox 835 2922 863 2972; x_wconf 82' lang='lat' dir='ltr'><em>K</em></span> <span class='ocrx_word' id='word_1_235' title='bbox 886 2918 891 2987; x_wconf 92' lang='grc'>1</span> <span class='ocrx_word' id='word_1_236' title='bbox 913 2919 962 2971; x_wconf 91' lang='lat' dir='ltr'><strong>inl.</strong></span> <span class='ocrx_word' id='word_1_237' title='bbox 985 2921 1036 2972; x_wconf 82' lang='grc' dir='ltr'><strong>ΤΚ</strong></span> 
     </span>
     <span class='ocr_line' id='line_1_30' title="bbox 17 2987 998 3066; baseline 0.002 -26"><span class='ocrx_word' id='word_1_238' title='bbox 17 3005 19 3066; x_wconf 60' lang='lat' dir='ltr'><strong><em>g</em></strong></span> <span class='ocrx_word' id='word_1_239' title='bbox 77 2993 720 3062; x_wconf 70' lang='lat' dir='ltr'><strong>12—14estusquearatrorumpaulilperom.</strong></span> <span class='ocrx_word' id='word_1_240' title='bbox 739 2991 764 3040; x_wconf 82' lang='lat' dir='ltr'><em>E</em></span> <span class='ocrx_word' id='word_1_241' title='bbox 835 2993 866 3042; x_wconf 85' lang='grc'><strong>16</strong></span> <span class='ocrx_word' id='word_1_242' title='bbox 884 2987 953 3056; x_wconf 77' lang='lat' dir='ltr'><strong>rugai</strong></span> <span class='ocrx_word' id='word_1_243' title='bbox 968 2990 998 3042; x_wconf 86' lang='lat' dir='ltr'><em>K</em></span> 
     </span>
    </p>
   </div>
   <div class='ocr_carea' id='block_1_7' title="bbox 17 3092 1035 3326">
    <p class='ocr_par' dir='ltr' id='par_1_11' title="bbox 17 3092 1035 3326">
     <span class='ocr_line' id='line_1_31' title="bbox 135 3092 1034 3162; baseline -0.003 -16"><span class='ocrx_word' id='word_1_244' title='bbox 135 3095 164 3146; x_wconf 80' lang='lat' dir='ltr'><strong>O.</strong></span> <span class='ocrx_word' id='word_1_245' title='bbox 183 3095 238 3162; x_wconf 90' lang='lat'>111]</span> <span class='ocrx_word' id='word_1_246' title='bbox 277 3096 425 3148; x_wconf 87' lang='lat' dir='ltr'><strong>ltenebra</strong></span> <span class='ocrx_word' id='word_1_247' title='bbox 447 3094 480 3146; x_wconf 70' lang='grc' dir='ltr'><strong>Τῑ</strong></span> <span class='ocrx_word' id='word_1_248' title='bbox 552 3093 676 3162; x_wconf 68' lang='lat' dir='ltr'><strong>lpsrior</strong></span> <span class='ocrx_word' id='word_1_249' title='bbox 697 3094 721 3143; x_wconf 84' lang='lat' dir='ltr'><em>T</em></span> <span class='ocrx_word' id='word_1_250' title='bbox 795 3092 919 3144; x_wconf 73' lang='lat' dir='ltr'><strong>Stidera</strong></span> <span class='ocrx_word' id='word_1_251' title='bbox 937 3107 959 3144; x_wconf 84' lang='grc' dir='ltr'><strong><em>ω</em></strong></span> <span class='ocrx_word' id='word_1_252' title='bbox 984 3107 1034 3143; x_wconf 90' lang='lat' dir='ltr'><strong>nu·</strong></span> 
     </span>
     <span class='ocr_line' id='line_1_32' title="bbox 136 3160 1035 3231; baseline -0.006 -17"><span class='ocrx_word' id='word_1_253' title='bbox 136 3165 167 3218; x_wconf 82' lang='lat' dir='ltr'><strong>et.</strong></span> <span class='ocrx_word' id='word_1_254' title='bbox 175 3163 207 3215; x_wconf 84' lang='lat' dir='ltr'><strong>R.</strong></span> <span class='ocrx_word' id='word_1_255' title='bbox 218 3165 391 3216; x_wconf 76' lang='lat' dir='ltr'><strong>Volkmannaa</strong></span> <span class='ocrx_word' id='word_1_256' title='bbox 403 3167 472 3231; x_wconf 85' lang='lat' dir='ltr'><strong>quod</strong></span> <span class='ocrx_word' id='word_1_257' title='bbox 483 3166 647 3229; x_wconf 61' lang='lat' dir='ltr'><strong>confimatur-</strong></span> <span class='ocrx_word' id='word_1_258' title='bbox 656 3163 770 3214; x_wconf 75' lang='lat' dir='ltr'><strong>Senecae</strong></span> <span class='ocrx_word' id='word_1_259' title='bbox 779 3161 878 3213; x_wconf 83' lang='lat' dir='ltr'><strong>Pbaecl.</strong></span> <span class='ocrx_word' id='word_1_260' title='bbox 891 3163 941 3211; x_wconf 70' lang='lat'><strong>⁷45</strong></span> <span class='ocrx_word' id='word_1_261' title='bbox 959 3160 1035 3213; x_wconf 82' lang='lat' dir='ltr'><strong>ocior</strong></span> 
     </span>
     <span class='ocr_line' id='line_1_33' title="bbox 17 3225 1033 3326; baseline -0.005 -44"><span class='ocrx_word' id='word_1_262' title='bbox 17 3253 20 3326; x_wconf 40' lang='grc' dir='ltr'>ἰ</span> <span class='ocrx_word' id='word_1_263' title='bbox 128 3245 154 3282; x_wconf 86' lang='lat' dir='ltr'><strong>es</strong></span> <span class='ocrx_word' id='word_1_264' title='bbox 171 3232 344 3299; x_wconf 85' lang='lat' dir='ltr'><strong>glomerante</strong></span> <span class='ocrx_word' id='word_1_265' title='bbox 364 3247 436 3286; x_wconf 81' lang='lat' dir='ltr'><strong>coro.</strong></span> <span class='ocrx_word' id='word_1_266' title='bbox 457 3229 462 3300; x_wconf 86' lang='grc' dir='ltr'>Ι</span> <span class='ocrx_word' id='word_1_267' title='bbox 481 3231 562 3285; x_wconf 87' lang='lat' dir='ltr'><strong>uhoro</strong></span> <span class='ocrx_word' id='word_1_268' title='bbox 581 3247 603 3282; x_wconf 86' lang='lat' dir='ltr'><strong>co</strong></span> <span class='ocrx_word' id='word_1_269' title='bbox 673 3233 690 3282; x_wconf 82' lang='lat'>4</span> <span class='ocrx_word' id='word_1_270' title='bbox 709 3225 931 3293; x_wconf 69' lang='lat' dir='ltr'><strong>ltetrstimbribul</strong></span> <span class='ocrx_word' id='word_1_271' title='bbox 945 3227 969 3292; x_wconf 84' lang='lat' dir='ltr'><strong>(t</strong></span> <span class='ocrx_word' id='word_1_272' title='bbox 987 3227 1033 3292; x_wconf 83' lang='lat' dir='ltr'><strong>al.)</strong></span> 
     </span>
    </p>
   </div>
   <div class='ocr_carea' id='block_1_8' title="bbox 173 3310 1037 3418">
    <p class='ocr_par' dir='ltr' id='par_1_12' title="bbox 173 3310 1037 3418">
     <span class='ocr_line' id='line_1_34' title="bbox 173 3310 1037 3418; baseline -0.008 -15"><span class='ocrx_word' id='word_1_273' title='bbox 173 3325 352 3407; x_wconf 63' lang='lat' dir='ltr'><strong>ouenlbbur</strong></span> <span class='ocrx_word' id='word_1_274' title='bbox 371 3351 398 3401; x_wconf 80' lang='lat' dir='ltr'><em>E</em></span> <span class='ocrx_word' id='word_1_275' title='bbox 483 3353 499 3403; x_wconf 86' lang='lat' dir='ltr'><strong>&#39;t</strong></span> <span class='ocrx_word' id='word_1_276' title='bbox 521 3353 600 3404; x_wconf 85' lang='lat' dir='ltr'><strong>Naue</strong></span> <span class='ocrx_word' id='word_1_277' title='bbox 623 3347 661 3400; x_wconf 77' lang='grc' dir='ltr'><strong>Κί</strong></span> <span class='ocrx_word' id='word_1_278' title='bbox 681 3346 686 3414; x_wconf 94' lang='grc'>1</span> <span class='ocrx_word' id='word_1_279' title='bbox 710 3310 886 3411; x_wconf 48' lang='lat' dir='ltr'><strong>sujungo</strong></span> <span class='ocrx_word' id='word_1_280' title='bbox 912 3347 945 3418; x_wconf 76' lang='lat' dir='ltr'><strong>ol.</strong></span> <span class='ocrx_word' id='word_1_281' title='bbox 969 3343 1037 3399; x_wconf 64' lang='lat' dir='ltr'><strong>al*</strong></span> 
     </span>
    </p>
   </div>
   <div class='ocr_carea' id='block_1_9' title="bbox 17 3416 1033 3602">
    <p class='ocr_par' dir='ltr' id='par_1_13' title="bbox 17 3407 1033 3602">
     <span class='ocr_line' id='line_1_35' title="bbox 124 3416 1033 3520; baseline -0.029 -3.054"><span class='ocrx_word' id='word_1_282' title='bbox 124 3448 223 3506; x_wconf 65' lang='lat' dir='ltr'><strong>thicio</strong></span> <span class='ocrx_word' id='word_1_283' title='bbox 241 3455 288 3520; x_wconf 82' lang='grc' dir='ltr'><strong>ΚΙ</strong></span> <span class='ocrx_word' id='word_1_284' title='bbox 307 3416 407 3508; x_wconf 61' lang='lat' dir='ltr'><strong>borbbr</strong></span> <span class='ocrx_word' id='word_1_285' title='bbox 422 3454 450 3505; x_wconf 87' lang='lat' dir='ltr'><em>K</em></span> <span class='ocrx_word' id='word_1_286' title='bbox 469 3452 473 3518; x_wconf 95' lang='grc' dir='ltr'>Ι</span> <span class='ocrx_word' id='word_1_287' title='bbox 494 3452 631 3504; x_wconf 82' lang='lat' dir='ltr'><strong>emilulT</strong></span> <span class='ocrx_word' id='word_1_288' title='bbox 696 3453 713 3502; x_wconf 89' lang='lat'>8</span> <span class='ocrx_word' id='word_1_289' title='bbox 730 3448 857 3500; x_wconf 85' lang='lat' dir='ltr'><strong>uerberat</strong></span> <span class='ocrx_word' id='word_1_290' title='bbox 875 3443 903 3511; x_wconf 90' lang='lat' dir='ltr'><strong>(b</strong></span> <span class='ocrx_word' id='word_1_291' title='bbox 922 3444 969 3513; x_wconf 82' lang='lat' dir='ltr'><strong>al.)</strong></span> <span class='ocrx_word' id='word_1_292' title='bbox 993 3447 1033 3514; x_wconf 78' lang='grc' dir='ltr'><strong>ΤΙ</strong></span> 
     </span>
     <span class='ocr_line' id='line_1_36' title="bbox 17 3518 737 3602; baseline -0.022 -20"><span class='ocrx_word' id='word_1_293' title='bbox 17 3527 19 3602; x_wconf 64' lang='grc' dir='ltr'><em>ξ</em></span> <span class='ocrx_word' id='word_1_294' title='bbox 132 3535 172 3572; x_wconf 72' lang='lat' dir='ltr'><strong>um</strong></span> <span class='ocrx_word' id='word_1_295' title='bbox 187 3527 218 3579; x_wconf 83' lang='lat' dir='ltr'><strong>ol.</strong></span> <span class='ocrx_word' id='word_1_296' title='bbox 242 3523 427 3590; x_wconf 75' lang='lat' dir='ltr'><strong>Wakefieldiue</strong></span> <span class='ocrx_word' id='word_1_297' title='bbox 444 3523 481 3574; x_wconf 85' lang='lat' dir='ltr'><strong>ud</strong></span> <span class='ocrx_word' id='word_1_298' title='bbox 497 3522 602 3573; x_wconf 75' lang='lat' dir='ltr'><strong>haacret.</strong></span> <span class='ocrx_word' id='word_1_299' title='bbox 625 3518 667 3569; x_wconf 89' lang='lat' dir='ltr'><strong>Vl</strong></span> <span class='ocrx_word' id='word_1_300' title='bbox 685 3519 737 3568; x_wconf 82' lang='lat' dir='ltr'><strong>m</strong></span> 
     </span>
    </p>
   </div>
   <div class='ocr_carea' id='block_1_10' title="bbox 0 0 1254 3912">
    <p class='ocr_par' dir='ltr' id='par_1_14' title="bbox 0 0 1254 3912">
     <span class='ocr_line' id='line_1_37' title="bbox 0 0 1254 3912; baseline 0 0"><span class='ocrx_word' id='word_1_301' title='bbox 0 0 1254 3912; x_wconf 95' lang='lat' dir='ltr'><strong> </strong></span> 
     </span>
    </p>
   </div>
  </div>
 </body>
</html>
