2458 3912
372 197 667 252 consoanoms
690 200 703 249 1
981 197 1020 262 19

52 373 221 453 frequentia
252 375 365 434 ciuium
395 388 455 432 non
482 371 656 452 depulsione
684 371 826 433 laetetur:
856 373 943 432 cuius
972 373 1020 450 agi

53 458 150 519 irenis
172 465 261 538 atque
283 457 651 536 obtemperare—iustitiae
681 475 796 518 summa
817 456 942 518 libertas
965 466 1019 517 est.

51 548 92 602 nn
122 546 245 622 ignoras
275 542 355 606 illam
384 551 454 602 tuae
483 542 617 603 ciuitatis
644 543 882 622 antiquissimam
910 541 1018 620 legem,

51 646 107 706 qua
131 637 268 692 sanctum
297 639 342 688 est
370 629 399 688 ei
427 629 475 688 ius
497 627 619 688 exulare
642 644 701 687 non
730 645 795 688 esse
823 629 959 707 quisquis
987 629 1018 688 in
1033 640 1057 679 1⁵

52 731 84 774 ca
115 715 218 776 sedem
246 713 372 775 fundare
400 712 558 774 maluerit?
603 710 677 772 Nam
704 711 755 793 qui
783 712 862 772 uallo
891 713 956 773 eius
984 731 1018 772 ao

24 825 26 830 ·
53 801 217 860 munimine
241 801 428 868 continetur,
456 797 556 858 nullus
579 805 677 858 metus
700 806 760 867 est,
790 815 828 857 ne
857 797 924 857 exul
953 815 1019 857 esse

51 893 212 948 mereatur.
264 893 294 945 at
322 885 457 964 quisquis
485 899 550 944 eam
579 881 747 944 inhabitare
778 881 854 943 uelle
884 881 1018 948 desierit,

50 971 165 1046 pariter
187 969 297 1031 desinit
320 969 410 1029 etiam
433 970 555 1028 mereri.
598 966 701 1046 ltaque
724 986 784 1028 non
808 975 867 1029 tam
891 983 938 1028 me
961 965 1020 1028 loci

23 1111 25 1120 .
52 1055 141 1117 buius
162 1073 252 1136 quam
273 1062 324 1116 tua
352 1054 444 1114 iacies
467 1061 569 1114 mouet
597 1071 653 1114 neo
682 1051 891 1132 bybliothecae
920 1054 1058 1132 potitisu

23 1177 25 1198 ÷
55 1149 188 1220 comptos
209 1139 302 1201 ebore
326 1157 360 1199 ac
382 1139 463 1199 uitro
485 1138 618 1218 parietes
637 1155 727 1217 quam
750 1146 818 1198 tuae
842 1140 951 1198 mentis
974 1156 1019 1198 se·
1050 1191 1053 1197 .
1080 1155 1082 1159 ’

54 1225 120 1285 dem
146 1227 285 1307 requiro,
315 1227 346 1285 in
375 1241 433 1304 qua
461 1241 521 1284 uon
549 1221 657 1292 libros,
687 1223 738 1284 sed
767 1223 797 1284 id
825 1222 904 1303 quod
934 1221 1020 1282 libris

55 1312 182 1388 pretium
210 1311 297 1380 lacit,
326 1308 474 1370 librorum
502 1306 651 1388 quondam
686 1325 835 1384 meorum
855 1309 1020 1368 sententias

22 1467 23 1470 Ἴ
56 1395 206 1458 collocaui.
253 1394 290 1455 Et
317 1401 349 1454 tu
379 1393 500 1472 quidem
523 1393 559 1452 de
583 1395 643 1454 tuis
670 1394 702 1453 iu
725 1409 883 1454 commuue
906 1391 1025 1470 bonum,

57 1483 169 1542 meritis
190 1498 264 1541 uera
279 1479 418 1559 quidem,
443 1477 495 1539 sed
510 1494 566 1556 pro
581 1477 771 1538 multitudine
787 1484 939 1555 gestorum
964 1473 1058 1536 tibias

58 1583 148 1640 pauca
175 1567 290 1628 dixisti.
341 1565 377 1624 de
406 1563 594 1624 obiectorum
623 1561 677 1623 tibi
705 1562 755 1624 uel
788 1562 944 1624 honestate
970 1562 1019 1622 uel

57 1648 179 1712 lalsitate
202 1649 319 1712 cunctis
343 1656 413 1723 nota
436 1650 619 1710 memorasti.
658 1648 695 1709 de
717 1647 883 1710 sceleribus
905 1647 1019 1708 fraudi·

58 1734 165 1816 busque
181 1735 349 1798 delatorum
364 1741 448 1795 recte
470 1739 502 1793 tu
522 1731 645 1813 quidem
666 1735 794 1796 strictim
812 1733 1020 1811 attingendum

57 1823 179 1897 putasti,
197 1821 277 1902 quod
293 1839 329 1881 ea
346 1817 451 1880 melius
466 1816 652 1898 uberiusque
664 1817 907 1897 recognoscentis
922 1818 1019 1879 omnia

59 1905 135 1985 uulgi
161 1924 213 1966 ore
242 1904 443 1967 celebrentur.
493 1901 674 1984 Increpuisti
704 1906 793 1966 etlam
822 1903 1019 1965 uehementer
1032 1916 1058 1958 eo

21 2043 22 2050 ,
58 1991 153 2052 iniusti
175 1993 288 2053 lactum
310 1997 440 2052 senatus,
486 1988 523 2049 de
553 1996 654 2050 nostra
684 1992 775 2050 etiam
805 1991 1018 2050 criminatione

21 2087 22 2090 ’
60 2075 190 2150 doluisti,
220 2077 318 2138 laesae
347 2092 465 2155 quoque
489 2075 641 2152 opinionis
664 2072 772 2136 damna
794 2075 917 2136 lleuisti.
961 2074 1018 2133 Po·

61 2167 181 2224 strcmus
203 2161 364 2223 aduersum
380 2160 531 2220 fortunam
547 2159 633 2220 dolor
648 2159 805 2220 incanduit
821 2165 1017 2238 conquestus-

21 2253 22 2256 ’
61 2264 112 2324 que
133 2265 189 2308 non
212 2263 307 2327 aequa
338 2246 456 2306 meritis
484 2246 618 2323 praemia
645 2245 774 2322 pensari.
820 2244 854 2303 ln
882 2251 1018 2303 extremo

21 2407 22 2410 Ἴ
61 2329 151 2392 illusae
174 2333 350 2402 saeuientis,
379 2331 423 2389 uti
446 2347 522 2409 quae
546 2328 660 2391 caelum
687 2337 784 2392 terras
812 2347 930 2409 quoquc
961 2345 1018 2405 pax
1032 2342 1057 2381 ac

21 2449 22 2464 ι
62 2425 184 2494 regeret,
208 2424 280 2478 uota
302 2416 440 2494 posuisti.
479 2415 537 2476 Sed
560 2415 700 2496 quonlam
722 2414 873 2495 plurimus
895 2413 951 2474 tibi
975 2413 1017 2473 al·

62 2501 163 2562 lectum
185 2500 333 2563 tumultus
347 2498 487 2561 incubuit
501 2501 714 2580 diuersumque
730 2509 759 2561 te
776 2500 860 2560 dolor
876 2501 922 2560 ira
937 2517 1018 2559 mae-

62 2601 106 2644 ror
126 2586 307 2656 distrabunt,
337 2587 381 2646 uti
411 2601 491 2646 nuuc
514 2588 623 2646 mentis
651 2603 698 2660 es,
729 2585 862 2646 nondum
891 2593 920 2644 te
943 2584 1017 2644 uali-

64 2669 137 2732 diora
158 2670 293 2733 remedia
316 2671 504 2746 contingunt.
550 2670 651 2750 ltaque
673 2669 840 2730 lenioribus
867 2669 1019 2748 paulisper

124 2876 151 2924 tu
169 2875 292 2927 laetetur
310 2891 331 2925 oo
358 2873 481 2927 laetatur
499 2873 525 2924 Ν
530 2871 582 2923 ?L²
663 2875 695 2923 13
719 2871 896 2937 obtepperure
915 2871 940 2920 E

64 2937 247 3007 tollenonum
271 2942 291 3004 (i
310 2945 344 2992 ol.
365 2941 496 3006 introsum)
519 2941 542 2990 Τ
568 2939 701 2990 sancitum
726 2937 746 3002 (i
769 2938 814 3004 ol.)
833 2939 857 2988 Ε
886 2939 1019 2990 luuoitum

63 3023 106 3074 no
125 3023 130 3090 1
151 3026 282 3090 ÷s1urn
311 3028 350 3077 ere
369 3027 469 3078 eraso
541 3026 571 3075 ιτ
592 3023 665 3074 extu
685 3025 709 3074 u
789 3025 820 3074 ts
839 3003 947 3089 φιιῑῳῡΓ
966 3023 1017 3090 u!

64 3142 75 3174 e
111 3128 285 3180 insusurrare
308 3129 332 3178 r
355 3129 411 3181 inu.
430 3143 491 3180 eam
509 3126 564 3176 err
631 3127 664 3177 eo
680 3101 851 3193 corfinus
874 3128 897 3175 r
921 3125 1020 3178 urciso-

63 3231 73 3274 t
110 3245 133 3280 ae
149 3231 177 3280 K
201 3195 357 3306 pltrotheoe
374 3230 399 3280 Ε
472 3231 503 3279 21
523 3232 625 3279 comtol
641 3229 666 3279 Ε
740 3231 772 3284 23
791 3204 907 3294 quddam
927 3228 951 3276 Ε

63 3295 330 3365 ltibisllboueltate
350 3297 406 3364 luel
424 3295 520 3362 er.)T
586 3299 618 3348 32
637 3297 755 3363 dampna
774 3297 804 3346 K
871 3301 903 3348 33
923 3295 1020 3345 aduer-

64 3399 74 3444 i
106 3398 171 3448 ιΤΕ
189 3399 318 3452 aduersus
333 3401 362 3450 K
417 3365 622 3463 34n0n1131(
691 3402 724 3450 35
741 3401 783 3448 uti
801 3387 973 3463 quae]''utiq3
992 3397 1019 3445 K

62 3465 74 3513 3
109 3467 234 3519 allectum
256 3467 291 3519 Τ1
314 3470 495 3532 effecerop.
515 3467 584 3518 131
612 3466 759 3517 affectuum
781 3465 834 3516 ΚΕ
920 3467 952 3516 38
972 3463 1017 3513 ‹lc-

61 3537 74 3579 t‘
106 3535 224 3599 runtb'l
248 3537 347 3588 mentis
367 3531 408 3600 es]
429 3540 508 3586 eleae
527 3534 552 3585 se
570 3539 604 3586 ol.
623 3535 691 3584 el*
792 3573 794 3577 .

828 3616 863 3668 ᾖ*
