<?xml version="1.0" encoding="UTF-8"?>
<!DOCTYPE html PUBLIC "-//W3C//DTD XHTML 1.0 Transitional//EN"
    "http://www.w3.org/TR/xhtml1/DTD/xhtml1-transitional.dtd">
<html xmlns="http://www.w3.org/1999/xhtml" xml:lang="en" lang="en">
 <head>
  <title>
</title>
<meta http-equiv="Content-Type" content="text/html;charset=utf-8" />
  <meta name='ocr-system' content='tesseract 3.04.00' />
  <meta name='ocr-capabilities' content='ocr_page ocr_carea ocr_par ocr_line ocrx_word'/>
</head>
<body>
  <div class='ocr_page' id='page_1' title='image "aniciimanliisev00peipgoog_0130.png"; bbox 0 0 2388 3910; ppageno 0'>
   <div class='ocr_carea' id='block_1_1' title="bbox 174 163 811 245">
    <p class='ocr_par' dir='ltr' id='par_1_1' title="bbox 174 163 811 245">
     <span class='ocr_line' id='line_1_1' title="bbox 174 163 811 245; baseline -0.002 -17"><span class='ocrx_word' id='word_1_1' title='bbox 174 177 215 245; x_wconf 80' lang='lat'>58</span> <span class='ocrx_word' id='word_1_2' title='bbox 518 163 811 230; x_wconf 77' lang='lat' dir='ltr'>rumosormns·</span> 
     </span>
    </p>
   </div>
   <div class='ocr_carea' id='block_1_2' title="bbox 148 347 1064 686">
    <p class='ocr_par' dir='ltr' id='par_1_2' title="bbox 148 347 1064 686">
     <span class='ocr_line' id='line_1_2' title="bbox 260 347 866 430; baseline -0.01 -16"><span class='ocrx_word' id='word_1_3' title='bbox 260 351 432 430; x_wconf 81' lang='lat' dir='ltr'>Oneretque</span> <span class='ocrx_word' id='word_1_4' title='bbox 455 348 538 412; x_wconf 89' lang='lat' dir='ltr'>bacis</span> <span class='ocrx_word' id='word_1_5' title='bbox 561 348 636 410; x_wconf 87' lang='lat' dir='ltr'>colla</span> <span class='ocrx_word' id='word_1_6' title='bbox 658 347 745 409; x_wconf 86' lang='lat' dir='ltr'>rubri</span> <span class='ocrx_word' id='word_1_7' title='bbox 766 347 866 410; x_wconf 90' lang='lat' dir='ltr'>litoris</span> 
     </span>
     <span class='ocr_line' id='line_1_3' title="bbox 326 432 996 516; baseline -0.007 -19"><span class='ocrx_word' id='word_1_8' title='bbox 326 436 468 516; x_wconf 86' lang='lat' dir='ltr'>Ruraque</span> <span class='ocrx_word' id='word_1_9' title='bbox 490 442 618 496; x_wconf 89' lang='lat' dir='ltr'>centeno</span> <span class='ocrx_word' id='word_1_10' title='bbox 641 432 757 494; x_wconf 85' lang='lat' dir='ltr'>scindat</span> <span class='ocrx_word' id='word_1_11' title='bbox 779 435 879 512; x_wconf 90' lang='lat' dir='ltr'>opima</span> <span class='ocrx_word' id='word_1_12' title='bbox 901 432 996 494; x_wconf 86' lang='lat' dir='ltr'>boue:</span> 
     </span>
     <span class='ocr_line' id='line_1_4' title="bbox 148 520 930 598; baseline -0.008 -14"><span class='ocrx_word' id='word_1_13' title='bbox 148 533 161 574; x_wconf 81' lang='lat'>⁵</span> <span class='ocrx_word' id='word_1_14' title='bbox 260 521 322 583; x_wconf 86' lang='lat' dir='ltr'>Nec</span> <span class='ocrx_word' id='word_1_15' title='bbox 344 539 416 583; x_wconf 89' lang='lat' dir='ltr'>cura</span> <span class='ocrx_word' id='word_1_16' title='bbox 438 521 562 582; x_wconf 82' lang='lat' dir='ltr'>mordax</span> <span class='ocrx_word' id='word_1_17' title='bbox 585 520 698 581; x_wconf 88' lang='lat' dir='ltr'>deserit</span> <span class='ocrx_word' id='word_1_18' title='bbox 720 520 930 598; x_wconf 81' lang='lat' dir='ltr'>superstitem,</span> 
     </span>
     <span class='ocr_line' id='line_1_5' title="bbox 327 605 1064 686; baseline -0.008 -18"><span class='ocrx_word' id='word_1_19' title='bbox 327 606 567 686; x_wconf 84' lang='lat' dir='ltr'>Defunctumque</span> <span class='ocrx_word' id='word_1_20' title='bbox 590 605 674 665; x_wconf 89' lang='lat' dir='ltr'>leues</span> <span class='ocrx_word' id='word_1_21' title='bbox 696 622 755 665; x_wconf 88' lang='lat' dir='ltr'>uon</span> <span class='ocrx_word' id='word_1_22' title='bbox 778 606 961 666; x_wconf 90' lang='lat' dir='ltr'>comitantur</span> <span class='ocrx_word' id='word_1_23' title='bbox 984 619 1064 682; x_wconf 86' lang='lat' dir='ltr'>opes.</span> 
     </span>
    </p>
   </div>
   <div class='ocr_carea' id='block_1_3' title="bbox 135 789 1184 2492">
    <p class='ocr_par' dir='ltr' id='par_1_3' title="bbox 173 789 1142 1129">
     <span class='ocr_line' id='line_1_6' title="bbox 238 789 1142 871; baseline -0.003 -16"><span class='ocrx_word' id='word_1_24' title='bbox 238 793 294 855; x_wconf 95' lang='lat' dir='ltr'>llll</span> <span class='ocrx_word' id='word_1_25' title='bbox 324 793 382 855; x_wconf 88' lang='lat' dir='ltr'>Sed</span> <span class='ocrx_word' id='word_1_26' title='bbox 405 793 568 871; x_wconf 84' lang='lat' dir='ltr'>dignitates</span> <span class='ocrx_word' id='word_1_27' title='bbox 589 789 798 853; x_wconf 78' lang='lat' dir='ltr'>honorabilem</span> <span class='ocrx_word' id='word_1_28' title='bbox 814 789 1076 868; x_wconf 89' lang='lat' dir='ltr'>reuerendumque</span> <span class='ocrx_word' id='word_1_29' title='bbox 1098 791 1142 852; x_wconf 91' lang='lat' dir='ltr'>cui</span> 
     </span>
     <span class='ocr_line' id='line_1_7' title="bbox 173 874 1140 960; baseline -0.004 -20"><span class='ocrx_word' id='word_1_30' title='bbox 173 882 372 960; x_wconf 90' lang='lat' dir='ltr'>prouenerint</span> <span class='ocrx_word' id='word_1_31' title='bbox 393 877 532 941; x_wconf 90' lang='lat' dir='ltr'>reddunt.</span> <span class='ocrx_word' id='word_1_32' title='bbox 564 877 641 938; x_wconf 89' lang='lat' dir='ltr'>Num</span> <span class='ocrx_word' id='word_1_33' title='bbox 663 876 709 938; x_wconf 89' lang='lat' dir='ltr'>uis</span> <span class='ocrx_word' id='word_1_34' title='bbox 731 895 767 938; x_wconf 87' lang='lat' dir='ltr'>ea</span> <span class='ocrx_word' id='word_1_35' title='bbox 790 887 835 938; x_wconf 88' lang='lat' dir='ltr'>est</span> <span class='ocrx_word' id='word_1_36' title='bbox 854 874 1089 954; x_wconf 87' lang='lat' dir='ltr'>magistratibus,</span> <span class='ocrx_word' id='word_1_37' title='bbox 1111 883 1140 936; x_wconf 93' lang='lat' dir='ltr'>ut</span> 
     </span>
     <span class='ocr_line' id='line_1_8' title="bbox 175 961 1139 1042; baseline -0.006 -16"><span class='ocrx_word' id='word_1_38' title='bbox 175 965 323 1027; x_wconf 89' lang='lat' dir='ltr'>utentium</span> <span class='ocrx_word' id='word_1_39' title='bbox 358 963 510 1026; x_wconf 88' lang='lat' dir='ltr'>mentibus</span> <span class='ocrx_word' id='word_1_40' title='bbox 542 963 671 1024; x_wconf 87' lang='lat' dir='ltr'>uirtutes</span> <span class='ocrx_word' id='word_1_41' title='bbox 704 963 840 1024; x_wconf 89' lang='lat' dir='ltr'>inserant</span> <span class='ocrx_word' id='word_1_42' title='bbox 871 962 946 1022; x_wconf 87' lang='lat' dir='ltr'>uitia</span> <span class='ocrx_word' id='word_1_43' title='bbox 980 961 1139 1042; x_wconf 70' lang='lat' dir='ltr'>depellant?</span> 
     </span>
     <span class='ocr_line' id='line_1_9' title="bbox 174 1047 1139 1129; baseline -0.003 -20"><span class='ocrx_word' id='word_1_44' title='bbox 174 1048 264 1129; x_wconf 79' lang='lat' dir='ltr'>Atqui</span> <span class='ocrx_word' id='word_1_45' title='bbox 293 1067 353 1110; x_wconf 92' lang='lat' dir='ltr'>non</span> <span class='ocrx_word' id='word_1_46' title='bbox 382 1051 488 1127; x_wconf 84' lang='lat' dir='ltr'>lugere</span> <span class='ocrx_word' id='word_1_47' title='bbox 515 1049 568 1109; x_wconf 90' lang='lat' dir='ltr'>sed</span> <span class='ocrx_word' id='word_1_48' title='bbox 597 1049 746 1111; x_wconf 89' lang='lat' dir='ltr'>illustrare</span> <span class='ocrx_word' id='word_1_49' title='bbox 774 1047 875 1128; x_wconf 90' lang='lat' dir='ltr'>potius</span> <span class='ocrx_word' id='word_1_50' title='bbox 904 1049 1070 1126; x_wconf 85' lang='lat' dir='ltr'>nequitiam</span> <span class='ocrx_word' id='word_1_51' title='bbox 1097 1063 1139 1108; x_wconf 92' lang='lat' dir='ltr'>so·</span> 
     </span>
    </p>

    <p class='ocr_par' dir='ltr' id='par_1_4' title="bbox 135 1133 1184 2492">
     <span class='ocr_line' id='line_1_10' title="bbox 148 1133 1140 1214; baseline -0.004 -21"><span class='ocrx_word' id='word_1_52' title='bbox 148 1133 252 1195; x_wconf 82' lang='lat' dir='ltr'>slent:</span> <span class='ocrx_word' id='word_1_53' title='bbox 281 1152 340 1213; x_wconf 93' lang='lat' dir='ltr'>quo</span> <span class='ocrx_word' id='word_1_54' title='bbox 373 1135 419 1204; x_wconf 87' lang='lat' dir='ltr'>lit,</span> <span class='ocrx_word' id='word_1_55' title='bbox 454 1142 488 1197; x_wconf 94' lang='lat' dir='ltr'>ut</span> <span class='ocrx_word' id='word_1_56' title='bbox 521 1133 714 1214; x_wconf 83' lang='lat' dir='ltr'>indignemur</span> <span class='ocrx_word' id='word_1_57' title='bbox 747 1149 799 1193; x_wconf 90' lang='lat' dir='ltr'>eas</span> <span class='ocrx_word' id='word_1_58' title='bbox 832 1148 920 1210; x_wconf 85' lang='lat' dir='ltr'>saepe</span> <span class='ocrx_word' id='word_1_59' title='bbox 954 1133 1140 1213; x_wconf 90' lang='lat' dir='ltr'>nequissimis</span> 
     </span>
     <span class='ocr_line' id='line_1_11' title="bbox 175 1215 1139 1298; baseline -0.003 -18"><span class='ocrx_word' id='word_1_60' title='bbox 175 1217 348 1281; x_wconf 88' lang='lat' dir='ltr'>hominibus</span> <span class='ocrx_word' id='word_1_61' title='bbox 377 1221 550 1298; x_wconf 88' lang='lat' dir='ltr'>contigisse.</span> <span class='ocrx_word' id='word_1_62' title='bbox 606 1218 685 1280; x_wconf 89' lang='lat' dir='ltr'>uude</span> <span class='ocrx_word' id='word_1_63' title='bbox 713 1215 844 1279; x_wconf 83' lang='lat' dir='ltr'>Catullus</span> <span class='ocrx_word' id='word_1_64' title='bbox 875 1216 948 1278; x_wconf 87' lang='lat' dir='ltr'>licet</span> <span class='ocrx_word' id='word_1_65' title='bbox 983 1217 1014 1278; x_wconf 90' lang='lat' dir='ltr'>in</span> <span class='ocrx_word' id='word_1_66' title='bbox 1049 1215 1139 1278; x_wconf 85' lang='lat' dir='ltr'>curuli</span> 
     </span>
     <span class='ocr_line' id='line_1_12' title="bbox 174 1301 1139 1383; baseline -0.004 -17"><span class='ocrx_word' id='word_1_67' title='bbox 174 1303 305 1366; x_wconf 91' lang='lat' dir='ltr'>Nonium</span> <span class='ocrx_word' id='word_1_68' title='bbox 333 1304 488 1366; x_wconf 83' lang='lat' dir='ltr'>sedentem</span> <span class='ocrx_word' id='word_1_69' title='bbox 517 1311 662 1365; x_wconf 89' lang='lat' dir='ltr'>strumam</span> <span class='ocrx_word' id='word_1_70' title='bbox 695 1310 796 1364; x_wconf 86' lang='lat' dir='ltr'>tamen</span> <span class='ocrx_word' id='word_1_71' title='bbox 826 1301 964 1383; x_wconf 89' lang='lat' dir='ltr'>appellat.</span> <span class='ocrx_word' id='word_1_72' title='bbox 1017 1301 1139 1365; x_wconf 87' lang='lat' dir='ltr'>Videsne</span> 
     </span>
     <span class='ocr_line' id='line_1_13' title="bbox 174 1386 1184 1470; baseline -0.002 -20"><span class='ocrx_word' id='word_1_73' title='bbox 174 1397 319 1470; x_wconf 90' lang='lat' dir='ltr'>quantum</span> <span class='ocrx_word' id='word_1_74' title='bbox 340 1390 429 1452; x_wconf 85' lang='lat' dir='ltr'>malis</span> <span class='ocrx_word' id='word_1_75' title='bbox 451 1389 582 1451; x_wconf 89' lang='lat' dir='ltr'>dedecus</span> <span class='ocrx_word' id='word_1_76' title='bbox 605 1389 736 1451; x_wconf 87' lang='lat' dir='ltr'>adiciant</span> <span class='ocrx_word' id='word_1_77' title='bbox 759 1386 938 1467; x_wconf 76' lang='lat' dir='ltr'>dignitates?</span> <span class='ocrx_word' id='word_1_78' title='bbox 981 1390 1065 1468; x_wconf 85' lang='lat' dir='ltr'>atqui</span> <span class='ocrx_word' id='word_1_79' title='bbox 1091 1388 1140 1448; x_wconf 91' lang='lat' dir='ltr'>mi·</span> <span class='ocrx_word' id='word_1_80' title='bbox 1183 1463 1184 1466; x_wconf 8' lang='grc' dir='ltr'><strong>Ἴ</strong></span> 
     </span>
     <span class='ocr_line' id='line_1_14' title="bbox 174 1470 1138 1555; baseline -0.002 -19"><span class='ocrx_word' id='word_1_81' title='bbox 174 1494 231 1536; x_wconf 91' lang='lat' dir='ltr'>nus</span> <span class='ocrx_word' id='word_1_82' title='bbox 254 1493 359 1536; x_wconf 89' lang='lat' dir='ltr'>eorum</span> <span class='ocrx_word' id='word_1_83' title='bbox 380 1473 496 1555; x_wconf 88' lang='lat' dir='ltr'>patebit</span> <span class='ocrx_word' id='word_1_84' title='bbox 517 1474 695 1552; x_wconf 89' lang='lat' dir='ltr'>indignitas,</span> <span class='ocrx_word' id='word_1_85' title='bbox 719 1475 744 1534; x_wconf 93' lang='lat' dir='ltr'>si</span> <span class='ocrx_word' id='word_1_86' title='bbox 766 1472 856 1534; x_wconf 91' lang='lat' dir='ltr'>nullis</span> <span class='ocrx_word' id='word_1_87' title='bbox 871 1470 1038 1534; x_wconf 85' lang='lat' dir='ltr'>honoribus</span> <span class='ocrx_word' id='word_1_88' title='bbox 1055 1471 1138 1534; x_wconf 85' lang='lat' dir='ltr'>incla-</span> 
     </span>
     <span class='ocr_line' id='line_1_15' title="bbox 136 1557 1139 1642; baseline 0 -24"><span class='ocrx_word' id='word_1_89' title='bbox 136 1567 303 1621; x_wconf 80' lang='lat' dir='ltr'>sorescant.</span> <span class='ocrx_word' id='word_1_90' title='bbox 349 1558 395 1620; x_wconf 86' lang='lat' dir='ltr'>Tu</span> <span class='ocrx_word' id='word_1_91' title='bbox 418 1577 535 1642; x_wconf 90' lang='lat' dir='ltr'>quoque</span> <span class='ocrx_word' id='word_1_92' title='bbox 558 1575 629 1621; x_wconf 89' lang='lat' dir='ltr'>num</span> <span class='ocrx_word' id='word_1_93' title='bbox 654 1558 774 1619; x_wconf 87' lang='lat' dir='ltr'>tandem</span> <span class='ocrx_word' id='word_1_94' title='bbox 796 1564 842 1619; x_wconf 91' lang='lat' dir='ltr'>tot</span> <span class='ocrx_word' id='word_1_95' title='bbox 868 1557 1011 1638; x_wconf 88' lang='lat' dir='ltr'>periculis</span> <span class='ocrx_word' id='word_1_96' title='bbox 1039 1557 1139 1620; x_wconf 88' lang='lat' dir='ltr'>adduci</span> 
     </span>
     <span class='ocr_line' id='line_1_16' title="bbox 174 1643 1137 1723; baseline -0.001 -19"><span class='ocrx_word' id='word_1_97' title='bbox 174 1645 314 1723; x_wconf 91' lang='lat' dir='ltr'>potuisti,</span> <span class='ocrx_word' id='word_1_98' title='bbox 338 1650 371 1705; x_wconf 92' lang='lat' dir='ltr'>ut</span> <span class='ocrx_word' id='word_1_99' title='bbox 393 1663 462 1706; x_wconf 90' lang='lat' dir='ltr'>cum</span> <span class='ocrx_word' id='word_1_100' title='bbox 484 1645 631 1706; x_wconf 85' lang='lat' dir='ltr'>Decorato</span> <span class='ocrx_word' id='word_1_101' title='bbox 655 1661 761 1722; x_wconf 85' lang='lat' dir='ltr'>gerere</span> <span class='ocrx_word' id='word_1_102' title='bbox 784 1643 990 1721; x_wconf 85' lang='lat' dir='ltr'>magistratum</span> <span class='ocrx_word' id='word_1_103' title='bbox 1014 1652 1137 1722; x_wconf 89' lang='lat' dir='ltr'>putares,</span> 
     </span>
     <span class='ocr_line' id='line_1_17' title="bbox 176 1727 1138 1810; baseline -0.003 -19"><span class='ocrx_word' id='word_1_104' title='bbox 176 1747 245 1791; x_wconf 91' lang='lat' dir='ltr'>cum</span> <span class='ocrx_word' id='word_1_105' title='bbox 268 1732 300 1791; x_wconf 91' lang='lat' dir='ltr'>in</span> <span class='ocrx_word' id='word_1_106' title='bbox 323 1748 359 1791; x_wconf 93' lang='lat' dir='ltr'>eo</span> <span class='ocrx_word' id='word_1_107' title='bbox 382 1739 512 1791; x_wconf 88' lang='lat' dir='ltr'>mentem</span> <span class='ocrx_word' id='word_1_108' title='bbox 535 1729 714 1810; x_wconf 90' lang='lat' dir='ltr'>nequissimi</span> <span class='ocrx_word' id='word_1_109' title='bbox 736 1747 860 1790; x_wconf 88' lang='lat' dir='ltr'>scurrae</span> <span class='ocrx_word' id='word_1_110' title='bbox 877 1727 1078 1809; x_wconf 88' lang='lat' dir='ltr'>delatorisque</span> <span class='ocrx_word' id='word_1_111' title='bbox 1097 1745 1138 1788; x_wconf 89' lang='lat' dir='ltr'>re·</span> 
     </span>
     <span class='ocr_line' id='line_1_18' title="bbox 176 1812 1137 1895; baseline -0.003 -20"><span class='ocrx_word' id='word_1_112' title='bbox 176 1815 329 1893; x_wconf 80' lang='lat' dir='ltr'>spicerest</span> <span class='ocrx_word' id='word_1_113' title='bbox 373 1815 440 1878; x_wconf 92' lang='lat' dir='ltr'>Non</span> <span class='ocrx_word' id='word_1_114' title='bbox 469 1816 548 1877; x_wconf 88' lang='lat' dir='ltr'>enim</span> <span class='ocrx_word' id='word_1_115' title='bbox 570 1831 729 1895; x_wconf 88' lang='lat' dir='ltr'>possumus</span> <span class='ocrx_word' id='word_1_116' title='bbox 757 1812 796 1874; x_wconf 91' lang='lat' dir='ltr'>ob</span> <span class='ocrx_word' id='word_1_117' title='bbox 818 1812 949 1875; x_wconf 89' lang='lat' dir='ltr'>honores</span> <span class='ocrx_word' id='word_1_118' title='bbox 977 1813 1137 1876; x_wconf 81' lang='lat' dir='ltr'>reuerentia</span> 
     </span>
     <span class='ocr_line' id='line_1_19' title="bbox 175 1897 1138 1982; baseline -0.002 -23"><span class='ocrx_word' id='word_1_119' title='bbox 175 1899 282 1978; x_wconf 91' lang='lat' dir='ltr'>dignos</span> <span class='ocrx_word' id='word_1_120' title='bbox 309 1899 443 1962; x_wconf 88' lang='lat' dir='ltr'>iudicare</span> <span class='ocrx_word' id='word_1_121' title='bbox 472 1919 548 1982; x_wconf 90' lang='lat' dir='ltr'>quos</span> <span class='ocrx_word' id='word_1_122' title='bbox 576 1900 651 1981; x_wconf 89' lang='lat' dir='ltr'>ipsis</span> <span class='ocrx_word' id='word_1_123' title='bbox 678 1897 844 1960; x_wconf 91' lang='lat' dir='ltr'>honoribus</span> <span class='ocrx_word' id='word_1_124' title='bbox 873 1897 1043 1962; x_wconf 86' lang='lat' dir='ltr'>iudicamus</span> <span class='ocrx_word' id='word_1_125' title='bbox 1069 1897 1138 1961; x_wconf 90' lang='lat' dir='ltr'>indi·</span> 
     </span>
     <span class='ocr_line' id='line_1_20' title="bbox 136 1981 1184 2066; baseline -0.001 -22"><span class='ocrx_word' id='word_1_126' title='bbox 136 2001 162 2044; x_wconf 76' lang='lat' dir='ltr'>ss</span> <span class='ocrx_word' id='word_1_127' title='bbox 175 2001 259 2063; x_wconf 90' lang='lat' dir='ltr'>gnos.</span> <span class='ocrx_word' id='word_1_128' title='bbox 312 1993 343 2046; x_wconf 90' lang='lat' dir='ltr'>at</span> <span class='ocrx_word' id='word_1_129' title='bbox 370 1987 508 2066; x_wconf 91' lang='lat' dir='ltr'>siquem</span> <span class='ocrx_word' id='word_1_130' title='bbox 535 1986 682 2064; x_wconf 87' lang='lat' dir='ltr'>sapientia</span> <span class='ocrx_word' id='word_1_131' title='bbox 709 1981 880 2064; x_wconf 87' lang='lat' dir='ltr'>praeditum</span> <span class='ocrx_word' id='word_1_132' title='bbox 907 1984 1046 2056; x_wconf 86' lang='lat' dir='ltr'>uideres,</span> <span class='ocrx_word' id='word_1_133' title='bbox 1075 2000 1138 2045; x_wconf 88' lang='lat' dir='ltr'>num</span> <span class='ocrx_word' id='word_1_134' title='bbox 1183 2005 1184 2008; x_wconf 42' lang='lat'>¹</span> 
     </span>
     <span class='ocr_line' id='line_1_21' title="bbox 173 2069 1137 2152; baseline -0.003 -21"><span class='ocrx_word' id='word_1_135' title='bbox 173 2088 280 2152; x_wconf 89' lang='lat' dir='ltr'>posses</span> <span class='ocrx_word' id='word_1_136' title='bbox 307 2087 375 2132; x_wconf 92' lang='lat' dir='ltr'>eum</span> <span class='ocrx_word' id='word_1_137' title='bbox 405 2070 453 2132; x_wconf 90' lang='lat' dir='ltr'>uel</span> <span class='ocrx_word' id='word_1_138' title='bbox 481 2072 652 2133; x_wconf 91' lang='lat' dir='ltr'>reuerentia</span> <span class='ocrx_word' id='word_1_139' title='bbox 686 2069 736 2130; x_wconf 89' lang='lat' dir='ltr'>uel</span> <span class='ocrx_word' id='word_1_140' title='bbox 770 2087 805 2131; x_wconf 89' lang='lat' dir='ltr'>ea</span> <span class='ocrx_word' id='word_1_141' title='bbox 834 2087 891 2151; x_wconf 91' lang='lat' dir='ltr'>qua</span> <span class='ocrx_word' id='word_1_142' title='bbox 921 2079 967 2131; x_wconf 88' lang='lat' dir='ltr'>est</span> <span class='ocrx_word' id='word_1_143' title='bbox 993 2069 1137 2151; x_wconf 86' lang='lat' dir='ltr'>praeditus</span> 
     </span>
     <span class='ocr_line' id='line_1_22' title="bbox 173 2154 1138 2236; baseline -0.008 -18"><span class='ocrx_word' id='word_1_144' title='bbox 173 2155 322 2236; x_wconf 84' lang='lat' dir='ltr'>sapientia</span> <span class='ocrx_word' id='word_1_145' title='bbox 355 2173 415 2218; x_wconf 93' lang='lat' dir='ltr'>non</span> <span class='ocrx_word' id='word_1_146' title='bbox 450 2156 573 2235; x_wconf 90' lang='lat' dir='ltr'>dignum</span> <span class='ocrx_word' id='word_1_147' title='bbox 605 2155 732 2236; x_wconf 78' lang='lat' dir='ltr'>putare?</span> <span class='ocrx_word' id='word_1_148' title='bbox 762 2187 801 2198; x_wconf 94' lang='lat'>-</span> <span class='ocrx_word' id='word_1_149' title='bbox 829 2154 963 2216; x_wconf 87' lang='lat' dir='ltr'>llinlme.</span> <span class='ocrx_word' id='word_1_150' title='bbox 995 2189 1039 2201; x_wconf 88' lang='lat'><em>-</em></span> <span class='ocrx_word' id='word_1_151' title='bbox 1068 2155 1138 2218; x_wconf 85' lang='lat' dir='ltr'>Inest</span> 
     </span>
     <span class='ocr_line' id='line_1_23' title="bbox 175 2240 1138 2322; baseline -0.002 -22"><span class='ocrx_word' id='word_1_152' title='bbox 175 2241 254 2302; x_wconf 90' lang='lat' dir='ltr'>enim</span> <span class='ocrx_word' id='word_1_153' title='bbox 282 2240 413 2319; x_wconf 81' lang='lat' dir='ltr'>dignitas</span> <span class='ocrx_word' id='word_1_154' title='bbox 442 2243 564 2322; x_wconf 90' lang='lat' dir='ltr'>propria</span> <span class='ocrx_word' id='word_1_155' title='bbox 593 2242 717 2312; x_wconf 89' lang='lat' dir='ltr'>uirtuti,</span> <span class='ocrx_word' id='word_1_156' title='bbox 752 2257 841 2320; x_wconf 91' lang='lat' dir='ltr'>quam</span> <span class='ocrx_word' id='word_1_157' title='bbox 869 2241 1011 2321; x_wconf 86' lang='lat' dir='ltr'>protinus</span> <span class='ocrx_word' id='word_1_158' title='bbox 1037 2241 1070 2302; x_wconf 89' lang='lat' dir='ltr'>in</span> <span class='ocrx_word' id='word_1_159' title='bbox 1096 2255 1138 2301; x_wconf 91' lang='lat' dir='ltr'>eos</span> 
     </span>
     <span class='ocr_line' id='line_1_24' title="bbox 174 2323 1137 2406; baseline 0 -20"><span class='ocrx_word' id='word_1_160' title='bbox 174 2323 287 2404; x_wconf 90' lang='lat' dir='ltr'>quibus</span> <span class='ocrx_word' id='word_1_161' title='bbox 313 2326 406 2388; x_wconf 88' lang='lat' dir='ltr'>luerit</span> <span class='ocrx_word' id='word_1_162' title='bbox 433 2327 573 2389; x_wconf 90' lang='lat' dir='ltr'>adiuncta</span> <span class='ocrx_word' id='word_1_163' title='bbox 602 2323 794 2388; x_wconf 79' lang='lat' dir='ltr'>transfundit.</span> <span class='ocrx_word' id='word_1_164' title='bbox 846 2324 926 2404; x_wconf 92' lang='lat' dir='ltr'>quod</span> <span class='ocrx_word' id='word_1_165' title='bbox 956 2325 1028 2406; x_wconf 88' lang='lat' dir='ltr'>quia</span> <span class='ocrx_word' id='word_1_166' title='bbox 1053 2342 1137 2406; x_wconf 93' lang='lat' dir='ltr'>popu·</span> 
     </span>
     <span class='ocr_line' id='line_1_25' title="bbox 135 2407 1137 2492; baseline 0.001 -24"><span class='ocrx_word' id='word_1_167' title='bbox 135 2407 252 2470; x_wconf 78' lang='lat' dir='ltr'>olores</span> <span class='ocrx_word' id='word_1_168' title='bbox 274 2409 374 2470; x_wconf 87' lang='lat' dir='ltr'>lacere</span> <span class='ocrx_word' id='word_1_169' title='bbox 398 2419 551 2492; x_wconf 87' lang='lat' dir='ltr'>nequeunt</span> <span class='ocrx_word' id='word_1_170' title='bbox 571 2411 717 2480; x_wconf 87' lang='lat' dir='ltr'>honores.</span> <span class='ocrx_word' id='word_1_171' title='bbox 740 2410 837 2488; x_wconf 91' lang='lat' dir='ltr'>liquet</span> <span class='ocrx_word' id='word_1_172' title='bbox 857 2428 910 2471; x_wconf 89' lang='lat' dir='ltr'>eos</span> <span class='ocrx_word' id='word_1_173' title='bbox 923 2412 1079 2491; x_wconf 90' lang='lat' dir='ltr'>propriam</span> <span class='ocrx_word' id='word_1_174' title='bbox 1100 2410 1137 2471; x_wconf 91' lang='lat' dir='ltr'>di·</span> 
     </span>
    </p>
   </div>
   <div class='ocr_carea' id='block_1_4' title="bbox 125 2643 1137 2850">
    <p class='ocr_par' dir='ltr' id='par_1_5' title="bbox 125 2643 1137 2850">
     <span class='ocr_line' id='line_1_26' title="bbox 125 2643 1137 2714; baseline -0.007 -12"><span class='ocrx_word' id='word_1_175' title='bbox 125 2648 163 2704; x_wconf 70' lang='lat'>(1³)</span> <span class='ocrx_word' id='word_1_176' title='bbox 245 2649 261 2698; x_wconf 85' lang='lat'>3</span> <span class='ocrx_word' id='word_1_177' title='bbox 280 2650 377 2700; x_wconf 85' lang='lat' dir='ltr'>oneret</span> <span class='ocrx_word' id='word_1_178' title='bbox 395 2643 459 2714; x_wconf 86' lang='lat' dir='ltr'>(que</span> <span class='ocrx_word' id='word_1_179' title='bbox 477 2646 534 2710; x_wconf 74' lang='lat' dir='ltr'>one)</span> <span class='ocrx_word' id='word_1_180' title='bbox 553 2647 579 2697; x_wconf 83' lang='grc' dir='ltr'><em>Ε</em></span> <span class='ocrx_word' id='word_1_181' title='bbox 597 2645 602 2713; x_wconf 89' lang='grc' dir='ltr'>Ι</span> <span class='ocrx_word' id='word_1_182' title='bbox 623 2647 727 2698; x_wconf 85' lang='lat' dir='ltr'>littoris</span> <span class='ocrx_word' id='word_1_183' title='bbox 748 2647 773 2697; x_wconf 81' lang='grc' dir='ltr'><em>Τ</em></span> <span class='ocrx_word' id='word_1_184' title='bbox 789 2646 794 2712; x_wconf 92' lang='grc' dir='ltr'>Ι</span> <span class='ocrx_word' id='word_1_185' title='bbox 812 2663 886 2698; x_wconf 82' lang='lat' dir='ltr'>unum</span> <span class='ocrx_word' id='word_1_186' title='bbox 905 2647 995 2712; x_wconf 75' lang='lat' dir='ltr'>[elimo</span> <span class='ocrx_word' id='word_1_187' title='bbox 1016 2649 1137 2699; x_wconf 77' lang='lat' dir='ltr'>continent</span> 
     </span>
     <span class='ocr_line' id='line_1_27' title="bbox 154 2713 1137 2782; baseline -0.006 -12"><span class='ocrx_word' id='word_1_188' title='bbox 154 2732 197 2770; x_wconf 75' lang='lat' dir='ltr'>,tc</span> <span class='ocrx_word' id='word_1_189' title='bbox 218 2718 332 2782; x_wconf 80' lang='lat' dir='ltr'>3uaque</span> <span class='ocrx_word' id='word_1_190' title='bbox 349 2717 385 2768; x_wconf 83' lang='lat' dir='ltr'>od</span> <span class='ocrx_word' id='word_1_191' title='bbox 399 2731 443 2781; x_wconf 86' lang='lat' dir='ltr'>pr.</span> <span class='ocrx_word' id='word_1_192' title='bbox 462 2715 533 2767; x_wconf 91' lang='lat' dir='ltr'><em>IIII</em></span> <span class='ocrx_word' id='word_1_193' title='bbox 550 2718 586 2766; x_wconf 80' lang='lat'>32</span> <span class='ocrx_word' id='word_1_194' title='bbox 603 2716 704 2768; x_wconf 66' lang='lat' dir='ltr'>exddlt</span> <span class='ocrx_word' id='word_1_195' title='bbox 720 2717 747 2767; x_wconf 77' lang='lat' dir='ltr'>in</span> <span class='ocrx_word' id='word_1_196' title='bbox 764 2716 789 2766; x_wconf 84' lang='lat' dir='ltr'>ll</span> <span class='ocrx_word' id='word_1_197' title='bbox 867 2715 983 2768; x_wconf 75' lang='lat' dir='ltr'>bHeec</span> <span class='ocrx_word' id='word_1_198' title='bbox 1001 2713 1044 2767; x_wconf 75' lang='grc' dir='ltr'>Κ1</span> <span class='ocrx_word' id='word_1_199' title='bbox 1070 2715 1137 2768; x_wconf 73' lang='lat' dir='ltr'>llaec</span> 
     </span>
     <span class='ocr_line' id='line_1_28' title="bbox 174 2779 608 2850; baseline 0 -16"><span class='ocrx_word' id='word_1_200' title='bbox 174 2783 204 2834; x_wconf 86' lang='lat' dir='ltr'><em>K</em></span> <span class='ocrx_word' id='word_1_201' title='bbox 207 2779 219 2817; x_wconf 80' lang='lat'><strong>²</strong></span> <span class='ocrx_word' id='word_1_202' title='bbox 233 2780 238 2849; x_wconf 90' lang='grc'>1</span> <span class='ocrx_word' id='word_1_203' title='bbox 254 2783 353 2836; x_wconf 86' lang='lat' dir='ltr'>deterit</span> <span class='ocrx_word' id='word_1_204' title='bbox 372 2785 397 2835; x_wconf 81' lang='grc' dir='ltr'><em>Τ</em></span> <span class='ocrx_word' id='word_1_205' title='bbox 412 2783 518 2836; x_wconf 82' lang='lat' dir='ltr'>deleret</span> <span class='ocrx_word' id='word_1_206' title='bbox 534 2781 608 2850; x_wconf 82' lang='grc' dir='ltr'>ΕΚβ</span> 
     </span>
    </p>
   </div>
   <div class='ocr_carea' id='block_1_5' title="bbox 174 2883 1139 3094">
    <p class='ocr_par' dir='ltr' id='par_1_6' title="bbox 174 2883 1139 3094">
     <span class='ocr_line' id='line_1_29' title="bbox 241 2883 1138 2951; baseline -0.003 -16"><span class='ocrx_word' id='word_1_207' title='bbox 241 2884 273 2940; x_wconf 87' lang='lat' dir='ltr'>P.</span> <span class='ocrx_word' id='word_1_208' title='bbox 293 2883 362 2951; x_wconf 88' lang='lat'>1111]</span> <span class='ocrx_word' id='word_1_209' title='bbox 400 2887 414 2936; x_wconf 86' lang='lat'>1</span> <span class='ocrx_word' id='word_1_210' title='bbox 438 2901 474 2936; x_wconf 82' lang='lat' dir='ltr'>ns</span> <span class='ocrx_word' id='word_1_211' title='bbox 492 2899 699 2938; x_wconf 76' lang='lat' dir='ltr'>ntsnrrs&#39;msus</span> <span class='ocrx_word' id='word_1_212' title='bbox 722 2887 799 2938; x_wconf 78' lang='lat' dir='ltr'>minio</span> <span class='ocrx_word' id='word_1_213' title='bbox 816 2901 865 2951; x_wconf 76' lang='lat' dir='ltr'>rag.</span> <span class='ocrx_word' id='word_1_214' title='bbox 883 2885 945 2940; x_wconf 82' lang='lat' dir='ltr'>add.</span> <span class='ocrx_word' id='word_1_215' title='bbox 963 2885 990 2934; x_wconf 82' lang='grc' dir='ltr'><em>Ε</em></span> <span class='ocrx_word' id='word_1_216' title='bbox 1075 2887 1091 2937; x_wconf 84' lang='lat'>4</span> <span class='ocrx_word' id='word_1_217' title='bbox 1106 2884 1138 2934; x_wconf 88' lang='lat' dir='ltr'>in·</span> 
     </span>
     <span class='ocr_line' id='line_1_30' title="bbox 174 2946 1139 3094; baseline 0 -59"><span class='ocrx_word' id='word_1_218' title='bbox 174 2983 236 3037; x_wconf 79' lang='lat' dir='ltr'>run</span> <span class='ocrx_word' id='word_1_219' title='bbox 255 2985 285 3036; x_wconf 82' lang='lat' dir='ltr'><em>K</em></span> <span class='ocrx_word' id='word_1_220' title='bbox 305 2985 345 3040; x_wconf 88' lang='lat' dir='ltr'>ur.</span> <span class='ocrx_word' id='word_1_221' title='bbox 362 2987 414 3038; x_wconf 79' lang='lat' dir='ltr'>re</span> <span class='ocrx_word' id='word_1_222' title='bbox 482 2989 498 3038; x_wconf 86' lang='lat' dir='ltr'>e</span> <span class='ocrx_word' id='word_1_223' title='bbox 517 2987 675 3056; x_wconf 66' lang='lat' dir='ltr'>consurgene</span> <span class='ocrx_word' id='word_1_224' title='bbox 697 2983 727 3052; x_wconf 79' lang='lat' dir='ltr'>(n</span> <span class='ocrx_word' id='word_1_225' title='bbox 744 2985 794 3052; x_wconf 73' lang='lat' dir='ltr'>er.)</span> <span class='ocrx_word' id='word_1_226' title='bbox 812 2987 838 3038; x_wconf 82' lang='lat' dir='ltr'>n</span> <span class='ocrx_word' id='word_1_227' title='bbox 854 2985 859 3053; x_wconf 82' lang='grc' dir='ltr'><strong>ι</strong></span> <span class='ocrx_word' id='word_1_228' title='bbox 874 2946 1025 3040; x_wconf 63' lang='lat' dir='ltr'>atulam</span> <span class='ocrx_word' id='word_1_229' title='bbox 1039 2982 1052 3094; x_wconf 83' lang='grc' dir='ltr'>ιο</span> <span class='ocrx_word' id='word_1_230' title='bbox 1059 2984 1139 3038; x_wconf 78' lang='lat' dir='ltr'>camo</span> 
     </span>
    </p>
   </div>
   <div class='ocr_carea' id='block_1_6' title="bbox 173 3101 1138 3516">
    <p class='ocr_par' dir='ltr' id='par_1_7' title="bbox 173 3101 1138 3516">
     <span class='ocr_line' id='line_1_31' title="bbox 177 3101 1137 3159; baseline 0.004 -5"><span class='ocrx_word' id='word_1_231' title='bbox 177 3120 200 3156; x_wconf 87' lang='lat' dir='ltr'>e.</span> <span class='ocrx_word' id='word_1_232' title='bbox 219 3101 280 3155; x_wconf 86' lang='lat' dir='ltr'>LII</span> <span class='ocrx_word' id='word_1_233' title='bbox 297 3108 314 3155; x_wconf 88' lang='lat'><strong><em>2</em></strong></span> <span class='ocrx_word' id='word_1_234' title='bbox 333 3104 403 3157; x_wconf 82' lang='lat' dir='ltr'>sella</span> <span class='ocrx_word' id='word_1_235' title='bbox 420 3107 450 3156; x_wconf 89' lang='lat' dir='ltr'>in</span> <span class='ocrx_word' id='word_1_236' title='bbox 469 3105 559 3158; x_wconf 85' lang='lat' dir='ltr'>curuli</span> <span class='ocrx_word' id='word_1_237' title='bbox 577 3111 677 3158; x_wconf 80' lang='lat' dir='ltr'>struma</span> <span class='ocrx_word' id='word_1_238' title='bbox 695 3106 801 3159; x_wconf 82' lang='lat' dir='ltr'>Nonius</span> <span class='ocrx_word' id='word_1_239' title='bbox 820 3106 905 3158; x_wconf 85' lang='lat' dir='ltr'>tedet.</span> <span class='ocrx_word' id='word_1_240' title='bbox 993 3108 1009 3158; x_wconf 67' lang='lat' dir='ltr'>l</span> <span class='ocrx_word' id='word_1_241' title='bbox 1033 3105 1090 3158; x_wconf 79' lang='lat' dir='ltr'>Non</span> <span class='ocrx_word' id='word_1_242' title='bbox 1103 3117 1137 3152; x_wconf 56' lang='grc' dir='ltr'>’Ἴ</span> 
     </span>
     <span class='ocr_line' id='line_1_32' title="bbox 174 3169 1138 3274; baseline 0.003 -50"><span class='ocrx_word' id='word_1_243' title='bbox 174 3172 205 3224; x_wconf 98' lang='grc' dir='ltr'><em>Κ</em></span> <span class='ocrx_word' id='word_1_244' title='bbox 218 3169 223 3237; x_wconf 89' lang='grc' dir='ltr'>Ι</span> <span class='ocrx_word' id='word_1_245' title='bbox 239 3170 380 3226; x_wconf 83' lang='lat' dir='ltr'>sedentem</span> <span class='ocrx_word' id='word_1_246' title='bbox 397 3190 444 3225; x_wconf 87' lang='lat' dir='ltr'>om.</span> <span class='ocrx_word' id='word_1_247' title='bbox 462 3191 510 3274; x_wconf 81' lang='lat' dir='ltr'>mp.</span> <span class='ocrx_word' id='word_1_248' title='bbox 527 3191 570 3240; x_wconf 84' lang='lat' dir='ltr'>pr.</span> <span class='ocrx_word' id='word_1_249' title='bbox 589 3177 650 3228; x_wconf 83' lang='lat' dir='ltr'>odd.</span> <span class='ocrx_word' id='word_1_250' title='bbox 669 3175 695 3225; x_wconf 82' lang='lat' dir='ltr'><em>E</em></span> <span class='ocrx_word' id='word_1_251' title='bbox 763 3174 987 3241; x_wconf 69' lang='lat' dir='ltr'>adignitatirr</span> <span class='ocrx_word' id='word_1_252' title='bbox 1054 3175 1086 3227; x_wconf 86' lang='lat'>10</span> <span class='ocrx_word' id='word_1_253' title='bbox 1134 3195 1138 3205; x_wconf 94' lang='lat'><em>·</em></span> 
     </span>
     <span class='ocr_line' id='line_1_33' title="bbox 175 3238 1137 3308; baseline 0.003 -17"><span class='ocrx_word' id='word_1_254' title='bbox 175 3241 240 3293; x_wconf 89' lang='lat' dir='ltr'>duci</span> <span class='ocrx_word' id='word_1_255' title='bbox 261 3238 298 3292; x_wconf 82' lang='lat' dir='ltr'>T¹</span> <span class='ocrx_word' id='word_1_256' title='bbox 316 3242 417 3293; x_wconf 82' lang='lat' dir='ltr'>abduci</span> <span class='ocrx_word' id='word_1_257' title='bbox 429 3242 484 3294; x_wconf 86' lang='grc' dir='ltr'>ΚΤ</span> <span class='ocrx_word' id='word_1_258' title='bbox 566 3246 596 3293; x_wconf 93' lang='lat'>11</span> <span class='ocrx_word' id='word_1_259' title='bbox 617 3258 696 3308; x_wconf 85' lang='lat' dir='ltr'>gerro</span> <span class='ocrx_word' id='word_1_260' title='bbox 719 3241 755 3295; x_wconf 82' lang='grc' dir='ltr'>Τ1</span> <span class='ocrx_word' id='word_1_261' title='bbox 827 3245 859 3294; x_wconf 81' lang='lat'>12</span> <span class='ocrx_word' id='word_1_262' title='bbox 876 3244 907 3294; x_wconf 88' lang='lat' dir='ltr'>in</span> <span class='ocrx_word' id='word_1_263' title='bbox 925 3259 956 3296; x_wconf 87' lang='lat' dir='ltr'>eo</span> <span class='ocrx_word' id='word_1_264' title='bbox 974 3246 1086 3296; x_wconf 77' lang='lat' dir='ltr'>urentem</span> <span class='ocrx_word' id='word_1_265' title='bbox 1134 3257 1137 3284; x_wconf 70' lang='lat' dir='ltr'>t</span> 
     </span>
     <span class='ocr_line' id='line_1_34' title="bbox 173 3305 1138 3382; baseline 0.003 -23"><span class='ocrx_word' id='word_1_266' title='bbox 173 3305 200 3359; x_wconf 71' lang='grc' dir='ltr'>ἦ]</span> <span class='ocrx_word' id='word_1_267' title='bbox 222 3310 248 3360; x_wconf 78' lang='lat' dir='ltr'>in</span> <span class='ocrx_word' id='word_1_268' title='bbox 270 3307 339 3373; x_wconf 83' lang='lat' dir='ltr'>ras.)</span> <span class='ocrx_word' id='word_1_269' title='bbox 357 3309 387 3361; x_wconf 86' lang='lat' dir='ltr'><em>K</em></span> <span class='ocrx_word' id='word_1_270' title='bbox 412 3307 417 3376; x_wconf 94' lang='grc' dir='ltr'>Ι</span> <span class='ocrx_word' id='word_1_271' title='bbox 442 3311 600 3375; x_wconf 79' lang='lat' dir='ltr'>nequissimi</span> <span class='ocrx_word' id='word_1_272' title='bbox 621 3310 644 3376; x_wconf 90' lang='lat' dir='ltr'>(i</span> <span class='ocrx_word' id='word_1_273' title='bbox 665 3313 692 3362; x_wconf 82' lang='lat' dir='ltr'>ln</span> <span class='ocrx_word' id='word_1_274' title='bbox 709 3327 762 3368; x_wconf 83' lang='lat' dir='ltr'>rao.</span> <span class='ocrx_word' id='word_1_275' title='bbox 786 3327 802 3363; x_wconf 94' lang='lat' dir='ltr'>o</span> <span class='ocrx_word' id='word_1_276' title='bbox 825 3308 886 3376; x_wconf 80' lang='lat' dir='ltr'>titt.)</span> <span class='ocrx_word' id='word_1_277' title='bbox 908 3311 938 3363; x_wconf 85' lang='lat' dir='ltr'><em>K</em></span> <span class='ocrx_word' id='word_1_278' title='bbox 951 3311 957 3378; x_wconf 80' lang='grc' dir='ltr'>Ι</span> <span class='ocrx_word' id='word_1_279' title='bbox 972 3307 1059 3382; x_wconf 65' lang='lat' dir='ltr'>icunq</span> <span class='ocrx_word' id='word_1_280' title='bbox 1077 3309 1138 3376; x_wconf 66' lang='lat' dir='ltr'>(ut</span> 
     </span>
     <span class='ocr_line' id='line_1_35' title="bbox 175 3372 1136 3446; baseline 0.005 -20"><span class='ocrx_word' id='word_1_281' title='bbox 175 3378 201 3426; x_wconf 81' lang='lat' dir='ltr'>in</span> <span class='ocrx_word' id='word_1_282' title='bbox 218 3372 285 3444; x_wconf 79' lang='lat' dir='ltr'>ras.)</span> <span class='ocrx_word' id='word_1_283' title='bbox 304 3377 334 3428; x_wconf 85' lang='lat' dir='ltr'><em>K</em></span> <span class='ocrx_word' id='word_1_284' title='bbox 347 3377 352 3444; x_wconf 90' lang='grc' dir='ltr'>Ι</span> <span class='ocrx_word' id='word_1_285' title='bbox 367 3377 531 3443; x_wconf 77' lang='lat' dir='ltr'>deletoretq3</span> <span class='ocrx_word' id='word_1_286' title='bbox 550 3378 580 3429; x_wconf 85' lang='lat' dir='ltr'><em>K</em></span> <span class='ocrx_word' id='word_1_287' title='bbox 583 3377 593 3412; x_wconf 85' lang='lat'>¹</span> <span class='ocrx_word' id='word_1_288' title='bbox 609 3375 613 3444; x_wconf 83' lang='lat' dir='ltr'>l</span> <span class='ocrx_word' id='word_1_289' title='bbox 634 3373 818 3446; x_wconf 81' lang='lat' dir='ltr'>irrespiceret</span> <span class='ocrx_word' id='word_1_290' title='bbox 831 3379 861 3430; x_wconf 88' lang='lat' dir='ltr'><em>K</em></span> <span class='ocrx_word' id='word_1_291' title='bbox 865 3378 874 3412; x_wconf 85' lang='lat'><strong>¹</strong></span> <span class='ocrx_word' id='word_1_292' title='bbox 933 3381 966 3432; x_wconf 78' lang='lat' dir='ltr'>ld</span> <span class='ocrx_word' id='word_1_293' title='bbox 985 3375 1076 3446; x_wconf 86' lang='lat' dir='ltr'>quem]</span> <span class='ocrx_word' id='word_1_294' title='bbox 1095 3393 1102 3443; x_wconf 75' lang='lat' dir='ltr'>q</span> <span class='ocrx_word' id='word_1_295' title='bbox 1134 3393 1136 3423; x_wconf 71' lang='grc' dir='ltr'>ι</span> 
     </span>
     <span class='ocr_line' id='line_1_36' title="bbox 175 3442 1135 3516; baseline 0.004 -22"><span class='ocrx_word' id='word_1_296' title='bbox 175 3442 485 3516; x_wconf 58' lang='lat' dir='ltr'>mltotouooelnrao.)</span> <span class='ocrx_word' id='word_1_297' title='bbox 504 3447 533 3496; x_wconf 85' lang='lat' dir='ltr'><em>K</em></span> <span class='ocrx_word' id='word_1_298' title='bbox 547 3444 686 3513; x_wconf 81' lang='lat' dir='ltr'>lnon(so.</span> <span class='ocrx_word' id='word_1_299' title='bbox 706 3447 811 3513; x_wconf 78' lang='lat' dir='ltr'>inum)</span> <span class='ocrx_word' id='word_1_300' title='bbox 830 3446 861 3498; x_wconf 90' lang='lat' dir='ltr'><em>K</em></span> <span class='ocrx_word' id='word_1_301' title='bbox 928 3449 960 3500; x_wconf 82' lang='lat'>19</span> <span class='ocrx_word' id='word_1_302' title='bbox 980 3447 1052 3516; x_wconf 92' lang='lat' dir='ltr'>quod</span> <span class='ocrx_word' id='word_1_303' title='bbox 1070 3442 1135 3514; x_wconf 78' lang='lat' dir='ltr'>qul</span> 
     </span>
    </p>
   </div>
   <div class='ocr_carea' id='block_1_7' title="bbox 175 3513 280 3584">
    <p class='ocr_par' dir='ltr' id='par_1_8' title="bbox 175 3513 280 3584">
     <span class='ocr_line' id='line_1_37' title="bbox 175 3513 280 3584; baseline -0.019 0"><span class='ocrx_word' id='word_1_304' title='bbox 175 3513 280 3584; x_wconf 69' lang='lat' dir='ltr'>sslf</span> 
     </span>
    </p>
   </div>
   <div class='ocr_carea' id='block_1_8' title="bbox 0 0 1198 3910">
    <p class='ocr_par' dir='ltr' id='par_1_9' title="bbox 0 0 1198 3910">
     <span class='ocr_line' id='line_1_38' title="bbox 0 0 1198 3910; baseline 0 0"><span class='ocrx_word' id='word_1_305' title='bbox 0 0 1198 3910; x_wconf 95' lang='lat' dir='ltr'> </span> 
     </span>
    </p>
   </div>
  </div>
 </body>
</html>
