2458 3912
168 147 190 211 4
515 141 791 196 ruinosorams

234 319 314 380 Mors
337 318 493 378 bominum
515 314 589 376 felix
611 331 687 394 quae
710 330 822 373 senec
846 309 985 372 dulcibus
1008 313 1088 370 annis

300 403 410 464 Inserit
433 409 463 463 et
486 401 610 462 maestis
633 416 722 478 saepe
746 402 854 459 uocata
876 397 970 456 uenit.

134 503 158 543 15
238 489 324 550 Eheu
346 506 435 568 quam
458 487 548 547 surda
571 486 700 546 miseros
723 484 871 544 auertitur
894 499 967 543 aure

298 574 336 634 Et
359 573 468 634 tientes
491 570 593 632 oculos
616 569 756 630 claudere
779 585 870 629 saeua
891 572 991 644 negat.

236 659 314 720 Dum
336 656 456 718 leuibus
477 656 554 717 malo
577 655 635 716 lida
657 654 745 715 bonis
769 653 889 714 fortuna
911 652 1043 720 lauerat,

301 744 399 804 Paene
423 749 514 821 caput
538 743 635 803 tristis
658 745 808 802 merserat
830 738 905 800 bora
927 755 1037 798 meum.

237 829 322 891 Nunc
343 830 419 910 quia
441 826 579 888 fallacem
605 827 735 886 mutauit
756 823 861 886 nubila
883 821 1017 890 uultum,

135 932 161 970 so
302 913 455 975 Protrahit
477 915 610 991 ingratas
633 912 726 989 impia
748 912 811 972 uita
832 927 943 972 moras.

240 999 318 1072 Quid
342 1017 388 1060 me
412 996 533 1060 felicem
555 999 668 1058 totiens
690 997 824 1057 iactastis
846 994 956 1058 amici?

305 1081 363 1154 Qui
386 1083 512 1154 cecidit,
537 1081 638 1143 stabili
660 1099 721 1142 non
744 1087 811 1142 erat
834 1080 884 1142 ille
907 1077 1014 1159 gradu.

238 1238 252 1298 1
295 1237 375 1298 Haec
404 1237 476 1298 dum
498 1254 618 1299 mecum
644 1238 756 1298 tacitus
785 1237 851 1314 ipse
873 1240 1047 1336 reputarem
1075 1251 1149 1314 que-

176 1326 396 1404 rimoniamque
425 1319 643 1384 lacrimabilem
672 1321 734 1382 stili
763 1321 863 1382 officio
891 1322 1060 1399 signarem,
1096 1318 1148 1381 ad

175 1411 289 1472 stitisse
312 1409 387 1470 mihi
409 1425 500 1487 supra
522 1409 671 1468 uerticem
693 1409 760 1468 uisa
783 1414 829 1468 est
852 1405 963 1468 mulier
985 1403 1147 1467 reuerendi

176 1495 337 1557 admodum
359 1492 426 1554 uult
413 1500 463 1553 tus
485 1494 582 1554 oculis
604 1491 836 1554 ardentibust
804 1499 836 1553 et
858 1491 938 1553 ultra
961 1509 1150 1553 communem

149 1580 334 1640 shominum
362 1577 527 1639 ualentiam
548 1578 777 1658 perspicacibus
804 1577 905 1640 colore
932 1577 1038 1638 uiuido
1061 1584 1149 1659 atque

176 1665 348 1726 inexhausti
376 1663 506 1742 uigoris,
534 1667 675 1744 quamuis
708 1666 749 1725 ita
778 1665 846 1726 aeui
875 1663 965 1742 plena
994 1664 1089 1738 foret,
1117 1668 1150 1723 ut
1201 1686 1206 1698 ·

176 1749 259 1811 nullo
281 1749 369 1810 modo
391 1757 512 1810 nostrae
535 1750 711 1812 crederetur
742 1751 865 1820 aetatis,
894 1755 1009 1811 statura
1039 1749 1148 1810 discre-

176 1836 269 1896 tionis
299 1834 467 1912 ambiguae.
519 1831 594 1896 Nam
622 1854 702 1897 nunc
737 1835 860 1912 quidem
894 1834 930 1896 ad
960 1852 1149 1896 communem

178 1938 243 1981 sese
267 1918 424 1980 hominum
446 1937 620 1981 mensuram
636 1918 812 1990 cohibebat,
836 1938 916 1981 nunc
932 1938 1008 1980 uero
1030 1917 1149 2000 pulsare

138 2022 164 2062 ιο
178 2005 294 2067 caelum
316 2007 427 2066 summi
449 2007 575 2066 uerticis
597 2007 755 2068 cacumine
777 2005 956 2067 uidebatur:
979 2023 1058 2086 quae
1083 2023 1148 2066 cum

178 2091 266 2152 altius
289 2097 378 2170 caput
401 2090 570 2161 extulisset,
600 2093 700 2170 ipsum
722 2092 813 2151 etiam
836 2089 952 2152 caelum
973 2089 1149 2170 penetrabat

177 2177 467 2256 respicientiumque
489 2175 647 2238 bominum
669 2175 835 2238 frustrabat
822 2183 873 2237 tur
895 2177 1049 2238 intuitum.
1094 2176 1148 2237 Ve-

179 2269 242 2322 stes
265 2269 351 2322 erant
373 2263 561 2322 tenuissimis
583 2261 642 2322 ntis
664 2260 768 2322 subtili
797 2262 926 2323 artificio
948 2249 1147 2324 indissolubili

178 2347 304 2406 materia
327 2361 383 2422 per
383 2347 479 2407 lectae
508 2364 597 2426 quas,
627 2349 672 2410 uti
699 2353 766 2425 post
794 2347 899 2408 eadem
926 2347 1072 2424 prodente
1101 2366 1147 2408 co·

140 2444 166 2486 15
180 2431 288 2508 gnoui,
312 2431 375 2490 suis
397 2430 575 2492 manibus
565 2449 631 2509 apsa
658 2437 805 2493 texuerat.
849 2429 983 2502 Quarum
1005 2433 1144 2511 speciem,

179 2514 275 2575 ueluti
297 2513 431 2576 fumosas
453 2517 601 2594 imagines
624 2516 716 2586 solet,
747 2516 842 2594 caligo
872 2517 1019 2596 quaedam
1048 2518 1145 2595 negle-

180 2607 244 2660 ctae
267 2601 428 2662 uetustatis
450 2599 624 2662 obduxerat
668 2600 782 2662 Harum
804 2602 837 2661 in
858 2608 993 2664 extrema
1015 2605 1146 2680 margine

181 2683 244 2747 ·l'l·
267 2701 410 2762 graecum
431 2688 464 2747 in
492 2703 633 2764 supremo
655 2704 729 2746 uero
752 2685 778 2749 Θ
801 2685 959 2764 legebatur
985 2689 1144 2749 intextum.

178 2770 271 2850 Atque
294 2773 327 2832 in
349 2778 491 2850 utrasque
518 2772 634 2832 litteras
663 2773 695 2832 in
717 2771 865 2833 scalarum
893 2772 1015 2834 modum
1037 2773 1142 2852 gradus

249 2981 362 3122 aspin
381 3007 406 3055 Ε
481 3010 513 3058 re
534 2997 583 3058 bra
605 3009 629 3058 Τ
695 3010 726 3058 21
747 3008 833 3059 tonet
851 3006 927 3058 r¹r¹
1006 3011 1040 3060 aa
1060 3009 1146 3060 stabili
1204 3044 1205 3047 ,

177 3069 278 3195 mnoss.
296 3138 322 3206 1]
342 3143 529 3246 d2fignarem
551 3141 608 3193 ΤΕ1
633 3143 807 3211 designarem
825 3145 854 3195 K
867 3143 872 3210 Ι
889 3144 1016 3196 alititisse
1035 3145 1061 3194 Ε
1080 3145 1126 3196 adl

181 3244 232 3294 ΤΚ
298 3206 461 3294 4amodum
479 3244 508 3292 K
574 3245 700 3296 boolere
719 3245 754 3296 Ε1
825 3248 856 3297 12
875 3212 1043 3298 rebominum
1060 3248 1087 3299 K

180 3346 211 3396 13
230 3344 405 3397 indesolubili
425 3345 442 3395 i
444 3344 456 3376 ¹
528 3347 558 3398 17
577 3320 694 3398 obduret
717 3347 740 3398 Τ
759 3344 765 3414 Ι
789 3353 911 3400 extrema
932 3347 964 3400 Τ1
982 3351 1034 3400 uid.
1054 3350 1130 3402 Neris

179 3413 450 3464 Formenlehrelldl
475 3418 597 3466 extremo
615 3416 669 3465 ΚΕ
738 3418 769 3468 18
788 3413 840 3469 ·Π·
861 3433 972 3484 grecum
990 3435 1011 3468 ω
1067 3419 1123 3470 ’1θί

178 3485 233 3532 utr.
256 3481 307 3532 PK
332 3481 406 3533 inter
422 3487 474 3536 uir.
493 3481 519 3531 Ε
