2458 3912
647 199 700 240 Lvt

189 369 253 408 num
277 360 304 408 et
326 351 489 426 Walpolium
513 369 556 428 ap.
581 351 747 427 Schweiger.
769 352 790 408 ll
815 352 831 407 1
856 369 883 426 p.
901 348 962 425 37).
1002 349 1066 418 Quis
1093 367 1168 425 crgo

190 438 304 493 miretur
334 436 407 511 quod
440 439 467 493 in
501 436 664 512 Sitakspcrio
698 451 808 513 quoque
837 436 968 510 leguntur
995 452 1064 509 quae
1101 452 1168 491 cum
1216 465 1218 468 ·

190 521 322 577 boetianis
351 523 493 578 sententiis
531 539 610 596 quam
639 524 751 579 maximo
780 521 965 578 conueniunt?
995 538 1079 578 unum
1112 521 1167 576 hoc
1216 579 1218 598 ἱ

191 622 366 662 conmemoro
389 605 543 663 boetianum
567 606 588 662 ll
610 607 646 678 4,
670 607 721 664 58:
762 607 933 664 aaronita
957 615 1000 662 eat
1022 610 1169 663 misarum

191 693 249 747 nisi
271 708 335 748 cum
352 699 450 764 putea.
1216 689 1218 756 ξ

275 775 374 842 Graece
397 777 481 832 uertit
496 775 658 832 Maximus
679 776 852 834 Planuales
875 793 897 831 s.
914 775 982 832 Xllll
1005 775 1075 832 med.
1104 791 1166 834 aar·
1216 767 1218 802 ³

190 862 260 917 mina
282 861 345 916 inde
367 862 409 917 cd.
434 860 462 917 (l.
487 860 515 916 F.
539 860 639 918 Weber
662 861 818 918 llaamstadii
844 860 924 918 1832
947 877 981 916 ex
1010 860 1071 916 ool.
1101 859 1164 914 Vin»

190 944 253 1002 (lob.
269 963 296 1001 n.
314 945 374 1002 251
392 962 424 1002 aa
447 945 539 1002 multis
555 962 620 1003 uno.
645 945 826 1002 olomundum
849 947 876 1002 in
899 945 1105 1001 dissertationis
1128 944 1163 998 de

188 1029 271 1086 latino
293 1031 399 1103 scriptis
430 1047 498 1102 quac
521 1029 613 1087 Graeci
641 1039 749 1087 ueteres
778 1032 805 1088 iu
833 1030 953 1102 linguam
981 1047 1057 1088 suam
1087 1038 1165 1085 trau·
1216 1025 1218 1068 ἑ

188 1114 326 1170 stulerunt
350 1115 461 1187 parth
484 1113 585 1186 (Casscl
609 1114 701 1186 1852)
723 1133 751 1189 p.
776 1114 846 1172 34s.
884 1114 937 1172 lam
962 1113 1083 1172 Vallinus
1110 1115 1163 1170 hoc
1216 1131 1218 1186 t

189 1213 258 1272 opus
291 1205 380 1254 norat.
418 1198 551 1255 Planudes
580 1199 652 1256 oliual
681 1217 792 1274 quoque
819 1200 896 1256 Booti
924 1215 994 1272 opus
1022 1199 1056 1254 alo
1085 1197 1166 1254 ‹lille-
1214 1207 1218 1284 j

188 1285 282 1339 rentiis
315 1285 412 1357 topicis
447 1300 542 1358 graece
575 1286 769 1358 interpretatus
803 1294 877 1355 erat,
911 1284 989 1340 carius
1023 1284 1161 1342 uersionis
1214 1285 1218 1338 1

189 1367 272 1424 libros
295 1370 412 1442 scriptos
440 1368 541 1425 Weber
562 1371 700 1450 recensuit
722 1388 750 1443 p.
778 1369 831 1440 33,
854 1368 985 1424 llanuel
1013 1367 1161 1424 Calecas
1216 1397 1218 1432 .

188 1469 255 1508 uero
278 1453 375 1509 librum
398 1453 432 1508 de
454 1455 576 1510 trinitate
598 1453 710 1526 (Weber
731 1472 758 1528 p.
784 1453 845 1526 37).
1216 1435 1218 1506 1

273 1537 396 1593 hebraice
419 1554 529 1611 quoque
556 1554 683 1613 expressa
712 1554 772 1595 esse
802 1537 900 1595 dicitur
927 1536 997 1594 all.
1019 1536 1171 1594 Samuel.
1214 1507 1218 1600 1

188 1620 418 1677 Benbonastc.
447 1622 591 1679 Banastum
620 1623 685 1679 dicit
706 1623 891 1680 Bartolocolus
914 1622 978 1680 bibl.
1009 1621 1115 1678 rabbin.
1147 1620 1157 1674 l
1215 1609 1218 1672 1

188 1705 249 1763 503
281 1705 426 1780 Hottingcr
459 1705 524 1765 bibl.
554 1709 651 1764 orient.
684 1725 711 1782 p.
742 1709 791 1765 28.
821 1710 878 1765 cius
908 1709 998 1782 operis
1021 1706 1160 1780 exemplar
1214 1675 1218 1742 1

188 1798 260 1847 extat
282 1793 353 1846 inter
375 1790 458 1847 libros
481 1792 632 1849 Vaticanus.

617 2040 719 2104 VIIII

278 2205 342 2270 DE
357 2185 696 2274 'tutiinuoiaisstis
719 2207 1060 2274 PHILOSOPHIAE
1213 2183 1218 2382 l

490 2309 853 2375 CONSOLATIONIS
1216 2385 1218 2474 Α

195 2519 197 2525 .
272 2465 347 2522 llulti
369 2466 567 2523 Consolationis
589 2469 718 2525 librorum
747 2469 861 2525 sormam
882 2471 979 2526 imitati
1000 2478 1076 2539 sunt,
1098 2471 1159 2542 ipso
1216 2499 1218 2508 ι

185 2550 296 2606 Boetius
320 2551 520 2607 llartianum
547 2552 735 2626 Capellam,
765 2554 839 2628 quod
862 2564 937 2612 recto
964 2554 1159 2626 animaduertit
1216 2595 1218 2616 .

186 2644 281 2692 auctor
303 2637 376 2692 uitae
398 2637 423 2691 l:
446 2637 485 2691 sic
507 2635 583 2692 Mart.
607 2638 616 2692 l
641 2639 656 2692 1
681 2656 705 2692 v.
731 2640 748 2694 7
773 2643 913 2696 elemento
935 2642 1010 2714 liquo
1032 2647 1060 2695 ct
1081 2639 1092 2694 Ι
1116 2636 1154 2694 92

185 2738 209 2775 v.
234 2721 272 2778 31
303 2737 436 2795 quaeque
469 2724 608 2778 elemento
635 2725 702 2797 liyel
729 2725 846 2781 dissono
874 2728 962 2780 naxio
991 2725 1157 2779 transierunt
1216 2727 1218 2774 f

185 2807 213 2860 in
236 2806 312 2862 Booti
345 2807 376 2862 111
405 2807 422 2864 9
446 2824 471 2862 v.
497 2807 550 2878 10,
577 2824 639 2873 cum
669 2824 723 2881 quo
752 2809 868 2866 carmine
890 2807 1012 2864 Martiani
1040 2809 1156 2882 hymnus
1215 2781 1218 2876 1

185 2889 207 2944 11
232 2889 398 2949 185-193
427 2900 504 2947 totus
531 2892 731 2964 conferendus,
761 2909 812 2949 nco
839 2895 927 2949 minus
949 2892 1018 2949 illud
1040 2893 1155 2949 alterum
1216 2889 1218 2966 1

185 2972 307 3030 llartiani
334 2973 355 3028 ll
384 2976 475 3034 907s.
505 2994 565 3034 curn
595 2977 681 3032 nostri
710 2978 827 3034 carmine
856 2978 888 3033 lll
914 2975 968 3050 12,
992 2991 1153 3051 quamquam
1215 2979 1218 3066 j

186 3075 255 3132 quac
278 3059 409 3133 leguntur
431 3078 454 3113 v.
471 3060 519 3116 lis,
544 3061 589 3134 (ol.
606 3062 683 3117 Boet.
707 3062 885 3134 ν.10-1·1)
1217 3125 1218 3136 χ

337 3145 460 3216 Impune
482 3148 617 3203 occubuit
640 3149 761 3204 rictibus
783 3165 861 3221 cyno
882 3151 946 3220 lupi
1215 3157 1218 3222 1

338 3231 376 3286 Et
396 3233 481 3302 tepus
502 3235 592 3288 inmiti
613 3235 732 3289 contulit
754 3251 808 3289 ora
832 3236 908 3289 coni.
1217 3223 1218 3286 Ῑ

184 3314 280 3370 similia
309 3314 380 3388 apual
409 3315 509 3370 multos
539 3325 650 3388 poetas,
675 3317 798 3373 Ouidium
829 3317 957 3374 Senecam
980 3316 1131 3372 Claualianm
1217 3317 1218 3322 ’

184 3401 375 3456 inueniuntur.

270 3484 368 3540 Extant
395 3501 499 3542 uersus
521 3485 654 3542 Platonis
676 3487 712 3541 oh
745 3489 867 3558 quodum
894 3487 1092 3543 Tiberiano
1118 3485 1135 3539 α’
