2388 3910
182 166 224 233 32
529 168 805 222 ruinosornmn

182 356 267 400 meac
294 336 517 400 uelocissimum
545 355 679 400 cursum.
725 337 785 399 Sed
812 339 870 399 hoc
892 347 937 402 est
959 340 1038 420 quod
1065 358 1155 402 reco-

181 424 292 486 lentem
316 424 524 486 uehemcntius
547 425 658 504 coquit.
703 421 778 484 Nam
800 423 832 486 in
860 427 941 487 omni
969 425 1155 488 aduersitate

158 510 322 570 sfortunac
344 508 586 573 infelicissimum
609 515 656 570 est
673 525 767 586 genus
788 507 948 572 infortunii
969 511 1064 574 fuisse
1090 509 1156 580 ieli-

183 610 261 654 cem.
298 592 357 654 sed
379 593 457 674 quod
480 601 526 664 tu,
549 595 663 673 inquit,
686 592 778 656 falsae
795 595 947 674 opinionis
970 595 1155 674 supplicium

182 677 262 749 luas,
285 675 315 740 id
338 677 429 739 rebus
450 680 517 740 fure
532 679 681 757 imputare
695 695 757 738 non
770 679 879 758 possis.
910 677 985 740 Nam
1001 681 1028 741 si
1050 689 1082 740 te
1098 679 1155 740 hoc

183 765 271 824 inane
294 780 403 825 nomen
425 764 567 825 fortuitae
589 763 743 826 felicitatis
763 769 880 834 mouet,
903 781 992 846 quam
1014 762 1155 846 pluribus

182 850 379 928 maximisque
401 847 558 910 habundcs
589 865 708 909 mecum
735 856 859 928 reputes
885 847 965 914 licet.
1010 847 1155 928 Igitursi

144 953 170 992 ιο
184 933 262 1011 quod
285 935 317 994 in
339 933 419 994 omni
441 933 580 995 fortunae
603 941 673 996 tuae
696 950 788 994 censu
811 934 1059 1012 pretiosissimum
1084 951 1154 1015 pos·

183 1017 317 1087 siciebas,
341 1017 370 1077 id
394 1016 451 1078 tihi
466 1017 614 1079 diuinitus
629 1016 778 1079 inlaesum
793 1017 891 1078 adhuc
912 1019 1154 1099 inuiolatumque

182 1109 328 1172 seruatur,
351 1104 505 1180 poterisne
531 1101 657 1165 meliora
679 1119 815 1182 quaeque
842 1102 975 1165 retinens
996 1103 1035 1166 de
1057 1105 1154 1166 infor·

183 1186 265 1246 tunio
287 1188 354 1246 iure
383 1187 521 1249 causari?
564 1188 654 1265 Atqui
683 1188 769 1264 uiget
795 1185 954 1250 incolumis
982 1188 1056 1250 illud
1085 1206 1155 1270 pre·

181 1273 377 1332 tinsissimum
400 1273 522 1349 generis
543 1271 667 1334 humani
690 1271 782 1333 decus
797 1271 993 1352 Symmachus
1014 1291 1106 1335 socer
1125 1280 1154 1334 et

143 1373 168 1415 15
181 1356 260 1437 quod
283 1356 364 1424 uitae
383 1357 481 1437 pretio
502 1374 562 1420 non
585 1358 685 1436 segnis
708 1373 839 1428 emeres,
863 1359 912 1418 uir
933 1364 1015 1419 totus
1043 1377 1082 1420 cx
1105 1377 1152 1420 sa·

181 1442 295 1522 pientia
318 1441 543 1522 uirtutibusque
571 1443 668 1506 factus
689 1458 811 1503 suarum
833 1459 958 1504 securus
985 1445 1046 1504 tuis
1068 1446 1152 1522 inge·

181 1525 287 1586 mescit
314 1527 444 1586 iniuriis,
489 1526 570 1587 Viuit
591 1544 667 1587 uxor
694 1527 816 1604 ingenio
842 1525 977 1589 modesta
1003 1528 1153 1607 pudicitia
1192 1551 1193 1554 ¹

181 1608 296 1691 pudore
319 1609 505 1689 praecellens
527 1619 558 1672 et
580 1619 613 1673 nt
636 1629 741 1672 omnes
763 1611 828 1674 eius
846 1613 931 1674 dotes
946 1611 1085 1677 breuiter
1108 1615 1152 1674 in·

182 1693 301 1755 cludam
335 1697 414 1774 patri
451 1696 569 1757 similis.
620 1697 698 1758 uiuit
731 1697 854 1773 inquam
887 1696 1004 1778 tibique
1035 1706 1151 1760 tantum

143 1794 169 1835 eo
182 1781 262 1839 uitae
285 1779 374 1840 huius
396 1798 485 1842 exosa
508 1783 648 1860 spiritum
671 1789 773 1842 seruat
794 1799 914 1862 quoque
936 1800 997 1848 unc
1018 1783 1150 1847 felicita·

181 1872 242 1924 tem
274 1865 370 1925 minui
398 1871 479 1927 tuam
507 1866 556 1926 nel
585 1867 650 1946 ipsa
678 1867 895 1938 concesserim,
925 1867 970 1929 tui
998 1867 1150 1930 desiderio

181 1949 313 2009 lacrimis
335 1967 370 2009 ac
391 1949 494 2011 dolore
522 1950 657 2012 tabescit.
702 1949 779 2024 Quid
809 1952 908 2020 dicam
936 1951 1052 2024 llberos
1082 1971 1151 2014 con·
1190 1953 1193 1980 ¹

182 2033 297 2096 sulares
319 2050 448 2113 quorum
469 2036 526 2096 iam
550 2043 584 2096 ut
604 2037 637 2098 in
657 2035 690 2098 id
713 2029 821 2098 aetatis
833 2037 939 2117 pueris
961 2037 1009 2105 uel
1031 2038 1150 2118 paterni
1191 2055 1193 2102 t

181 2118 230 2180 uel
253 2119 327 2180 auiti
349 2121 505 2199 specimen
533 2119 631 2181 elucet
658 2120 792 2198 ingeniti
837 2121 911 2186 Cum
940 2123 1036 2200 igitur
1063 2139 1149 2202 prae·
1191 2123 1193 2196 ξ

141 2218 167 2258 ee
182 2203 268 2280 cipua
291 2206 330 2264 sit
351 2204 528 2267 mortalibus
551 2207 631 2267 uitae
648 2222 720 2267 cura
742 2205 935 2276 retinendae,
959 2224 977 2266 o
999 2214 1029 2267 te
1052 2209 1078 2268 si
1100 2216 1149 2270 tua

181 2288 259 2349 hona
281 2306 444 2366 cognoscas
465 2290 582 2356 felicem
606 2291 655 2351 cui
678 2297 842 2368 suppetunt
863 2293 954 2353 enam
977 2309 1058 2353 nunc
1073 2309 1149 2372 qnae
1191 2357 1193 2378 λ

180 2375 242 2432 uita
266 2391 353 2433 nemo
376 2372 492 2435 dubitat
523 2394 588 2436 csse
612 2376 740 2438 cariora.
785 2373 883 2446 Quare
909 2378 990 2440 sicca
1019 2379 1079 2437 iam
1110 2377 1149 2438 la·
1191 2399 1193 2448 ς

180 2458 300 2516 crimes.
324 2455 326 2459 ’
350 2458 482 2520 nondum
509 2466 556 2520 est
588 2459 625 2521 ad
652 2477 745 2522 unum
779 2478 883 2522 omnes
911 2479 1002 2532 erosa
1029 2462 1149 2524 fortuna
1190 2449 1192 2472 '

181 2558 238 2601 neo
260 2539 316 2600 tibi
339 2541 466 2602 nimium
489 2541 587 2606 ualida
609 2551 771 2625 tempestas
786 2544 940 2618 incubuit,
963 2546 1084 2626 quando
1108 2554 1149 2608 te
1190 2603 1192 2614 .

142 2640 168 2682 oo
182 2642 273 2686 naces
295 2625 422 2688 haerent
444 2645 570 2690 ancorae
593 2646 669 2708 quae
691 2646 747 2691 nec
762 2632 929 2709 praesentis
945 2631 1078 2692 solamen
1094 2650 1149 2694 nec
1190 2639 1192 2686 ὲ

246 2775 368 2845 iperius
383 2779 423 2837 eft
440 2781 465 2839 Α
481 2779 486 2846 Ι
501 2780 614 2835 felicem
632 2779 711 2832 fuiffe
730 2781 755 2832 Ε
823 2781 994 2850 iiinquidK
1062 2784 1151 2844 ‘lluif

129 2862 131 2868 ’
179 2847 205 2895 Α
221 2843 339 2912 Ιίηρ.Κ
352 2847 438 2912 lnam
455 2846 555 2899 om.K¹
611 2849 768 2915 8pluribuf
781 2844 831 2899 ΤΚ
847 2850 973 2916 plurimis
983 2851 1010 2901 E
1064 2847 1148 2918 9'quc
1189 2861 1191 2916 ξ

179 2911 335 2976 (eiuras.)
357 2912 597 2979 TlhabundefT
663 2919 694 2967 11
713 2916 761 2967 inl.
783 2917 833 2967 ΤΚ
847 2917 852 2982 Ι
872 2917 988 2968 aducE
1058 2920 1091 2972 13
1110 2921 1149 2969 in·
1189 2919 1191 2986 j

180 2978 295 3032 colomis
309 2981 340 3030 K
407 2983 439 3032 14
458 2983 621 3035 simmachus
641 2984 666 3034 Τ
692 2986 844 3049 symmacus
858 2986 906 3051 Kl
923 2991 951 3038 ct
969 2984 1054 3054 quod]
1075 2986 1148 3052 quod
1188 3029 1191 3040 .

180 3051 208 3095 et
225 3048 257 3096 ci.
278 3046 423 3099 GBortlrior
493 3053 524 3103 15
542 3047 686 3118 urrsltotuf
697 3051 737 3119 ΤΙ
753 3069 787 3105 ex
804 3067 847 3104 ω·
896 3055 927 3104 16
946 3068 1030 3120 ·quao
1051 3054 1093 3122 ΤΙ
1109 3057 1148 3106 in·
1188 3043 1191 3118 1

179 3114 312 3178 gemefcit
329 3131 351 3165 ω
403 3119 435 3168 17
453 3119 605 3184 pudicitiae
623 3136 645 3171 ω
663 3122 751 3172 delere
768 3123 854 3173 studet
870 3121 1074 3173 RVollcmonnoe
1100 3135 1148 3190 pu·
1189 3125 1191 3186 l

180 3182 280 3233 dicitis
296 3185 392 3248 scripsi
408 3187 502 3237 crcn'fl
519 3189 555 3250 cf.
573 3187 626 3238 cte.
643 3191 670 3240 iu
687 3189 765 3242 caut.
783 3189 877 3248 1111,
895 3193 931 3242 25
999 3192 1033 3242 18
1051 3194 1083 3241 ul
1101 3207 1147 3244 cm.
1189 3199 1191 3248 i

177 3249 228 3315 El
253 3249 330 3302 dotef
346 3252 404 3302 eiuf
420 3254 445 3302 A
515 3257 548 3306 19
565 3254 718 3322 tibiqupf'
782 3259 816 3308 20
833 3273 888 3310 una
905 3273 942 3310 erc
959 3273 1013 3310 uno
1031 3259 1060 3310 K
1083 3257 1088 3326 Ι
1112 3261 1149 3310 Et
1189 3269 1191 3319 ξ

178 3351 291 3405 fortuna
308 3369 356 3420 pop.
369 3355 461 3406 furor.
482 3357 543 3422 edd.
557 3355 604 3419 K!
621 3357 796 3427 felicitatem
812 3356 910 3425 (mer.)
929 3362 958 3412 K
1025 3365 1059 3414 23
1077 3336 1148 3416 ninid
1189 3385 1190 3396 ¹

177 3420 206 3468 K
220 3420 224 3481 1
240 3419 323 3485 paim
339 3407 386 3472 uel
401 3431 495 3488 posteo
513 3425 574 3477 odd.
593 3425 618 3475 Ε
686 3428 720 3479 30
736 3428 835 3480 herent
857 3429 880 3478 Τ
900 3428 905 3495 Ι
929 3427 1051 3482 anchore
1069 3427 1124 3495 ΚΕ
1142 3429 1146 3497 l
1186 3427 1190 3488 ἕ

177 3487 311 3550 presentis
332 3491 355 3540 Τ
1185 3497 1190 3540 i
