2458 3912
591 171 700 210 xxxxn

162 323 308 379 Historiam
330 323 384 380 litt.
408 320 535 378 Franciae
558 321 601 377 Vll
624 321 685 379 257
698 339 760 397 sqq.
802 321 893 378 Multis
916 322 992 378 libris
1017 325 1131 382 traditae

162 416 226 464 sunt
249 409 307 464 eius
330 411 365 465 de
388 409 581 475 crassitudine
603 409 751 480 sphaerae
777 408 885 464 litterae
908 407 987 464 datae
1009 411 1043 466 ad
1065 409 1133 466 Ger-

162 493 269 548 bertum
295 499 498 567 praeceptorem
527 509 589 548 cum
617 493 698 550 huius
726 509 874 566 responso:
902 495 968 550 noui
996 493 1132 570 liehdige-

162 579 266 632 rianum
283 577 326 634 st
353 577 385 648 4,
409 577 427 634 6
450 577 470 635 l.
494 571 556 635 ‘16¹‘
575 607 611 618 —
630 571 690 634 79¹³
713 577 836 635 Wratisl.
860 579 967 652 regium
989 578 1023 634 tv
1046 581 1064 636 8
1090 581 1127 635 11

162 661 180 716 l.
204 655 279 720 43br
303 671 418 737 uterque
441 669 485 717 est
506 679 529 718 s.
547 662 605 737 Xll;
632 661 721 720 editae
744 672 809 719 sunt
831 679 846 718 a
867 663 949 720 Penio
972 663 1130 721 enecent

160 747 178 802 2
203 765 229 820 p.
254 746 294 804 85
318 747 357 804 87
382 754 464 819 atque
479 746 519 803 ¹ab
543 745 650 803 Olleris.
674 765 702 821 p.
726 747 789 806 470
810 746 882 804 eia.
1100 759 1103 764 ‘

245 833 280 888 lle
302 832 412 888 scholiis
436 837 517 905 atque
533 831 632 906 glossis
657 849 726 907 quae
751 833 916 889 uetustiores
939 831 1023 889 libros
1032 831 1061 906 *l
1084 834 1130 890 oc'-

61 903 65 911 ¹
160 924 261 990 cupant
283 917 363 992 paulo
388 915 543 973 adcuratior
570 918 692 991 cognitio
721 917 752 972 ad
781 917 834 973 hoc
859 925 964 992 tempus
992 917 1131 974 desidera-

158 999 248 1058 batur.
271 1017 359 1076 neque
382 1017 435 1076 ego
458 1001 528 1058 itanc
549 1001 718 1075 prouinciam
741 1001 916 1059 conserendis
933 1003 1132 1060 consolationis

159 1085 251 1142 uerbis
279 1087 400 1144 intentus
431 1102 483 1159 qua
515 1102 564 1159 par
598 1095 655 1142 erat
684 1086 818 1163 industria
851 1085 1045 1142 administraui.
1090 1087 1132 1143 Ne

159 1177 249 1226 tamen
271 1187 385 1245 prorsus
409 1170 518 1226 silentio
542 1171 608 1227 haec
634 1172 864 1244 praetermittam,
896 1171 1011 1246 exempli
1041 1175 1134 1246 gratia

158 1261 239 1329 atque
262 1255 396 1312 conmodo
421 1272 516 1312 eorum
540 1262 570 1312 ut
591 1255 771 1329 prospiciam,
796 1256 841 1330 qui
865 1255 938 1329 quod
962 1271 1014 1330 ego
1038 1257 1132 1332 refugi

158 1355 228 1396 onus
257 1343 396 1417 suscipere
423 1340 533 1412 uolent,
564 1357 596 1396 ex
625 1339 782 1396 (lothano
813 1339 896 1412 libro,
923 1343 969 1414 qui
992 1341 1133 1416 adscripta

157 1425 185 1480 in
215 1428 335 1500 margine
363 1424 608 1498 quaedom'habet
641 1424 734 1481 eadem
763 1441 842 1499 quam
871 1442 939 1499 quae
968 1433 1132 1482 contextum

158 1511 268 1584 scripsit
289 1527 384 1580 manu,
409 1510 566 1582 ampliorem
582 1509 827 1566 commentariolum
850 1509 949 1583 quibus
964 1511 1132 1568 inlustratur

159 1594 179 1649 ll
202 1595 237 1668 5,
262 1594 301 1652 72
324 1593 468 1650 subiciam:

244 1679 318 1751 „Sed
340 1687 432 1735 mente
454 1679 608 1736 consimiles
632 1687 662 1735 ut
685 1678 786 1736 dietum
811 1679 908 1736 estad
932 1679 1077 1754 imaginem
1100 1689 1134 1736 et

157 1763 370 1821 similitudinem.
394 1773 487 1821 nostra
503 1764 591 1819 anima
615 1766 715 1838 quippe
738 1764 770 1819 ad
793 1763 996 1820 similitudinem
1019 1763 1062 1820 dei
1086 1773 1134 1821 est

157 1849 236 1905 lacta.
279 1849 345 1904 haec
377 1856 466 1905 autem
501 1848 555 1904 duo
585 1848 621 1904 ita
650 1849 792 1908 distinctae
821 1858 886 1905 sunt
915 1849 1067 1923 accipienda
1097 1859 1134 1905 ut

158 1937 247 2008 imago
275 1933 453 2007 intellegatur
487 1934 688 1991 immortalitate
722 1935 832 1990 animae.
877 1933 1031 1990 Similitudo
1059 1949 1132 1990 uero

157 2022 185 2074 in
214 2034 319 2074 morum
347 2019 508 2088 sanctitate,
553 2017 586 2073 ad
613 2019 758 2093 imaginem
784 2019 828 2074 dei
857 2019 958 2092 qnippe
985 2019 1055 2074 lacta
1085 2027 1135 2075 est

158 2107 244 2161 antima
267 2118 335 2175 quae
358 2103 529 2160 inmortalem
559 2105 664 2159 creauit
692 2104 815 2158 animam.
852 2104 891 2158 Ad
921 2103 1132 2172 similitudinem
1217 2135 1219 2137 ·

156 2206 224 2245 nero
248 2204 342 2260 suam,
365 2189 427 2262 quia
450 2195 570 2244 sanctam
593 2185 616 2243 dr
645 2189 742 2243 iustam
771 2204 830 2243 eam
859 2189 971 2260 creauit,
1000 2190 1071 2244 sicut
1099 2197 1133 2245 et

111 2325 114 2331 .
156 2276 215 2348 ipse
238 2280 280 2328 est
302 2280 412 2329 sanctus
436 2281 464 2329 ot
485 2275 583 2328 iustus.
623 2273 689 2328 haec
717 2288 785 2346 ergo
809 2272 881 2344 duo,
910 2273 1014 2328 scilicet
1034 2275 1132 2346 imago

157 2368 184 2414 et
207 2356 372 2430 similitudo,
400 2358 437 2413 ita
465 2365 530 2413 sunt
552 2357 718 2430 accipienda,
745 2364 775 2413 ut
802 2359 829 2412 in
853 2359 926 2412 omui
949 2359 1037 2413 anima
1060 2373 1132 2413 uere

156 2441 334 2514 intellegatur
349 2457 409 2498 esse
425 2441 526 2515 imago,
543 2443 571 2496 in
590 2440 646 2497 sola
659 2449 749 2497 autem
760 2449 852 2499 sancta
865 2442 951 2498 anima
966 2440 1130 2504 similitudo.

158 2527 230 2583 idem
254 2526 374 2582 additum
397 2535 439 2582 est
454 2525 602 2582 masculum
625 2534 652 2582 et
675 2526 798 2582 seminam
814 2543 868 2582 non
884 2527 936 2581 nisi
959 2527 1132 2600 incorpore

157 2613 257 2669 lactum
273 2619 346 2668 recte
362 2608 582 2685 intellegatur(?).
614 2627 669 2666 uon
692 2627 759 2684 ergo
774 2611 899 2667 audiendi
920 2619 985 2666 sunt
1008 2613 1054 2686 qui
1076 2627 1132 2685 pu·

156 2706 216 2755 tant
234 2699 347 2754 animam
368 2705 471 2770 partem
485 2694 528 2751 dei
546 2711 617 2756 esse.
642 2694 713 2751 idem
730 2697 753 2750 si
766 2705 839 2751 esset
854 2713 916 2776 pars
930 2695 985 2768 dei,
1005 2712 1054 2752 nec
1067 2713 1083 2751 a
1096 2713 1132 2752 se

80 2851 81 2854 Ἴ
157 2784 215 2856 ipsa
232 2798 282 2838 uec
297 2783 387 2857 aliqua
402 2781 490 2853 decipi
506 2781 643 2854 potuisset
658 2797 708 2836 nec
730 2780 763 2836 ad
780 2779 880 2854 aliquid
903 2780 1129 2837 malefaciendum

157 2868 215 2923 siue
238 2867 397 2941 paciendum
420 2865 474 2922 ulla
489 2865 651 2921 necessitate
673 2863 810 2938 compelli,
833 2881 884 2920 nec
905 2866 933 2920 in
956 2866 1051 2921 melius
1075 2882 1131 2922 nec

156 2951 276 3007 deterius
294 2951 391 3007 mutari
407 2951 553 3023 potuisset.
575 2946 673 3005 'alatus
690 2959 779 3005 autem
794 2949 842 3004 ille
865 2949 908 3005 dei
925 2950 973 3022 qui
988 2951 1131 3006 hominem

156 3037 300 3106 animanti,
323 3027 411 3090 iactus
434 3041 476 3089 est
498 3033 530 3089 ab
554 3035 630 3112 ipso,
659 3051 713 3112 non
737 3034 769 3090 ‹le
792 3036 852 3114 ipso
876 3077 882 3088 .
906 3035 979 3108 quod
1002 3052 1052 3091 neo
1075 3036 1131 3090 lao-

155 3121 234 3176 minis
257 3119 338 3176 llatus
361 3119 477 3175 hominis
499 3133 561 3191 pars
590 3129 632 3175 est
661 3136 712 3176 nec
739 3119 820 3174 homo
849 3135 911 3175 eum
938 3119 1004 3176 iecit
1031 3120 1064 3176 de
1095 3137 1103 3174 s

155 3208 233 3278 ipso,
256 3204 304 3261 sed
327 3221 360 3261 er
382 3205 454 3260 aerio
477 3203 563 3260 halitu
585 3204 683 3276 sumit,
711 3205 770 3260 siue
793 3219 848 3278 quo
871 3205 965 3261 uiuere
994 3221 1049 3261 non
1078 3222 1107 3261 us

155 3290 203 3345 let.
241 3289 314 3364 Ergo
337 3288 371 3344 de
393 3288 478 3345 nihilo
501 3289 605 3344 factam
622 3288 745 3345 dubitare
769 3289 808 3345 ias
831 3306 886 3345 non
910 3287 985 3345 est.“

175 3469 201 3520 'd
221 3400 246 3521 ἔ)
266 3405 350 3454 etiam
373 3405 401 3454 in
424 3402 494 3455 libro
514 3403 554 3454 Sti
573 3403 648 3456 Galli
670 3407 720 3455 845
744 3420 764 3457 ε.
783 3406 809 3454 Χ
833 3405 1047 3478 εοεεηεηιεείεε
1061 3419 1107 3454 εεε

153 3485 183 3523 111
204 3486 273 3525 eur.
