2458 3912
181 169 231 252 '16
538 187 815 241 russosoeflmn

186 361 347 422 Praeterea
382 359 518 440 penetral
552 361 696 420 innocens
734 358 841 420 domus
876 359 1170 421 honestissimorum

135 452 292 512 1150011115
315 447 483 507 amicorum
506 462 593 506 socer
608 447 699 506 etiam
715 451 837 506 sanctus
853 453 883 506 et
899 463 993 526 oeque
1009 452 1081 506 actu
1096 447 1170 525 ipso

186 530 374 592 reuerendus
396 529 433 591 ah
457 533 546 604 omni
562 549 616 591 nos
638 530 728 591 huius
757 531 895 592 criminis
917 532 1088 609 suspitione
1113 529 1169 590 de·

185 616 321 677 fendunt.
367 615 426 676 Sed
459 635 476 676 o
503 617 587 677 nefas
616 615 661 676 illi
689 633 762 676 uero
791 614 828 676 de
858 623 887 677 te
916 617 994 677 tanti
1022 616 1169 676 criminis

189 701 279 762 tidem
303 703 425 779 capiunt
447 708 537 778 atque
559 700 616 762 hoc
644 703 711 780 ipso
734 699 908 778 uidebimur
938 701 1043 762 affines
1065 701 1168 761 fuisse

187 786 348 858 maleficio,
371 786 452 866 quod
474 788 535 847 tuis
557 784 656 863 inbuti
678 783 848 866 disciplinis
869 789 929 846 tuis
945 787 1076 847 instituti
1099 803 1167 846 mo·

136 895 175 936 110
188 871 275 933 ribus
297 890 411 932 sumus.
455 871 498 932 lta
521 889 582 932 uon
604 879 650 932 est
677 873 749 932 satis
772 870 849 933 nihil
877 871 952 932 mihi
979 878 1062 932 tuam
1092 888 1167 949 pro·

186 959 280 1020 fuisse
304 958 523 1026 reuerentiam,
546 959 606 1017 nisi
627 956 708 1016 ultro
729 964 761 1017 tu
784 974 851 1018 mea
872 957 972 1036 potius
994 957 1168 1017 ofsensione

186 1041 339 1103 lacereris.
390 1046 425 1102 nt
454 1060 527 1102 uero
555 1042 605 1102 hio
634 1043 724 1102 etiam
759 1044 872 1103 nostris
906 1040 994 1102 malis
1022 1040 1168 1102 cumulus

187 1126 320 1196 accedit,
350 1127 428 1207 quod
452 1129 636 1188 existimatio
657 1126 859 1205 plurimorum
887 1144 947 1187 non
970 1144 1076 1188 rerum
1099 1144 1167 1187 me·

188 1214 246 1273 rita
271 1211 323 1272 sed
345 1211 484 1272 fortunae
507 1219 622 1292 spectat
645 1218 786 1272 euentum
803 1230 897 1292 eaque
913 1219 1030 1273 tantum
1044 1211 1167 1272 iudicat

136 1317 174 1359 145
188 1315 255 1358 esse
277 1297 400 1378 prouisa
423 1314 499 1376 quae
521 1297 653 1358 felicitas
673 1298 939 1359 commendauerit.
969 1296 1034 1368 Quo
1056 1296 1106 1367 fit,
1130 1305 1168 1356 ut

189 1381 369 1443 existimatio
393 1380 470 1443 bona
493 1385 590 1462 prima
613 1383 890 1444 omniumdeserat
911 1383 1057 1444 infelices.
1105 1380 1167 1453 Qui
1214 1429 1215 1434 1

187 1485 267 1528 nunc
300 1466 404 1546 populi
437 1485 589 1537 rumores,
624 1485 713 1547 quam
746 1468 884 1529 dissonae
917 1467 1167 1547 multiplicesque

188 1553 370 1620 sententiae,
394 1553 477 1628 piget
500 1553 667 1614 reminisci.
713 1551 776 1613 lloc
798 1560 914 1614 tautum
937 1553 1067 1614 dixerim
1093 1552 1165 1612 ulti·

187 1653 267 1696 mam
283 1652 350 1696 esse
366 1635 511 1698 aduersae
527 1637 664 1698 fortunae
680 1640 838 1708 sarcinam,
858 1638 936 1716 quod
951 1638 1022 1699 dum
1039 1639 1165 1698 miseris

137 1743 174 1784 150
188 1721 308 1802 aliquod
334 1722 448 1782 crimen
471 1723 638 1800 affingitur,
662 1741 739 1803 quae
753 1725 912 1803 perferunt
926 1725 1077 1784 meruisse
1096 1741 1164 1783 cre·
1216 1744 1217 1747 ¹

188 1806 310 1867 duntur.
356 1813 387 1866 et
415 1823 471 1884 ego
499 1806 621 1887 quidem
644 1807 733 1869 honis
756 1808 898 1869 omnibus
925 1808 1032 1888 pulsus
1059 1807 1164 1886 digni·

187 1890 302 1952 tatibus
319 1900 426 1952 exutus
443 1894 664 1955 existimatione
682 1893 820 1955 soedatus
839 1892 877 1954 oh
893 1892 1076 1955 heneficium
1092 1911 1165 1972 sup·

187 1975 311 2056 plioinm
339 1976 406 2037 tuli.
446 1977 553 2039 Videre
581 1986 682 2039 autem
701 1977 817 2040 uideor
844 1979 977 2040 nefarias
1000 1978 1164 2040 scelerato·

187 2078 255 2123 rum
273 2061 407 2123 officinas
423 2063 532 2140 gaudio
553 2062 726 2144 laetitiaque
747 2063 899 2125 fluitantes
923 2063 1164 2142 perditissimum

136 2167 174 2210 155
188 2165 337 2228 quemque
352 2149 441 2208 nouis
453 2147 638 2209 delationum
653 2147 810 2210 fraudibus
824 2150 1043 2219 imminentem,
1059 2150 1164 2210 iacere

188 2233 284 2293 honos
307 2233 403 2293 nostri
426 2232 611 2294 discriminis
633 2240 749 2295 terrore
772 2242 954 2313 prostratos,
977 2235 1165 2312 flagitiosum

189 2335 340 2397 quemque
362 2317 399 2376 ad
423 2318 592 2379 audendum
614 2320 737 2400 quidem
758 2321 876 2381 facinus
898 2321 1096 2399 impunitate,
1125 2318 1165 2379 ad

189 2401 382 2463 efficiendum
404 2419 478 2462 uero
493 2406 640 2481 praemiis
655 2407 793 2476 incitari,
817 2408 952 2467 insontes
975 2411 1074 2466 autem
1099 2419 1162 2464 non

188 2486 277 2548 modo
298 2485 473 2557 securitate,
498 2506 606 2550 uerum
628 2491 693 2570 ipsa
715 2492 806 2552 etiam
823 2490 999 2552 defensione
1013 2491 1164 2568 priuatos.

138 2591 176 2632 1eo
189 2571 291 2650 ltaque
314 2570 390 2631 libet
414 2572 597 2635 exclamare:

189 2725 212 2784 V
251 2725 275 2786 Ο
298 2725 436 2786 stelliferi
458 2727 597 2788 eonditor
620 2726 703 2789 orbis

252 2809 309 2881 Qui
331 2817 478 2889 perpetuo
499 2813 589 2874 nixus
611 2811 686 2873 solio

259 2996 308 3045 135
332 2996 465 3062 1001οΤ
485 2996 490 3059 Ι
513 2997 571 3063 ipse
589 2996 611 3047 S
640 3012 673 3047 ec
695 3002 726 3048 tu
742 3000 801 3062 ipsa
819 3001 851 3050 ci.
869 2997 1041 3057 Sermonum,
1064 2996 1164 3061 prodat

189 3062 353 3113 Scleolcelius
362 3066 436 3126 p.88
489 3065 538 3116 136
556 3065 709 3130 suspicione
726 3066 773 3116 ΤΕ
826 3069 874 3119 139
892 3066 991 3122 inlu?
1046 3067 1165 3116 142110-
1214 3080 1215 3083 ’

189 3126 264 3194 stris]
283 3130 369 3181 1111Τ
435 3132 485 3182 144
503 3137 635 3198 expectet
652 3133 681 3183 K
744 3134 793 3184 146
813 3135 950 3185 estimatio
968 3133 994 3184 Ε
1052 3134 1104 3184 147

189 3199 271 3250 sonae
290 3197 315 3246 Ε
330 3195 335 3263 l
351 3195 416 3263 que]
438 3215 452 3250 e
470 3202 497 3251 111
513 3216 567 3251 ras.
586 3205 619 3252 al.
640 3201 664 3250 Τ
731 3203 780 3254 150
798 3202 941 3269 effingitur
961 3202 1013 3252 ΤΚ
1038 3199 1122 3265 uffsin

188 3271 235 3318 tur
253 3265 278 3330 (r
297 3264 346 3330 er.)
366 3265 391 3315 Ε
409 3266 534 3334 affigitur
551 3271 577 3320 A
652 3269 702 3320 151
720 3269 864 3336 suplicium
881 3271 912 3322 K
980 3271 1117 3325 1551111.

258 3369 307 3419 156
325 3343 460 3434 p‘ostratos
475 3369 505 3419 K
577 3371 627 3421 157
645 3369 813 3422 audiendum
834 3370 906 3422 T¹K
918 3369 997 3438 liup.
1015 3372 1042 3422 Ε
1115 3375 1129 3422 1

189 3435 306 3488 insontes
324 3435 351 3500 (e
369 3439 396 3487 in
413 3452 467 3487 ras.
487 3435 532 3501 11)
555 3437 579 3486 Τ
645 3439 694 3490 159
713 3438 877 3504 defensione
897 3438 920 3505 (s
936 3456 971 3492 ex
988 3436 1022 3505 e.)
1042 3439 1072 3488 K

258 3519 291 3571 G.
309 3519 345 3586 V]
382 3525 397 3572 2
416 3521 569 3587 perphetuo
587 3522 617 3572 K
