2458 3912
613 229 709 270 xxxvl

103 391 106 400 “
138 393 166 443 ΙΙ
180 385 272 458 Helpis
295 384 366 439 dieta
389 382 427 439 fui
451 381 551 438 siculae
574 382 695 456 regionis
718 382 825 438 alumna

220 486 300 543 quam
323 466 418 542 procul
442 485 456 522 a
478 467 564 540 patria
586 468 712 541 coniugis
735 468 794 541 egit
817 483 901 538 amor,

178 571 233 629 quo
257 555 314 609 sine
338 559 438 610 maesta
461 551 528 622 dies,
552 568 605 607 nox
628 552 715 624 anxia,
739 551 835 613 flabilis
859 553 940 626 horo3

222 655 271 694 neo
294 637 459 714 solumuna
481 653 560 706 caro,
583 637 696 710 spiritus
719 654 789 692 uuus
813 644 880 693 erat.

152 723 235 780 oliui
258 739 315 778 mea
337 739 393 778 non
416 720 506 778 clausa
528 730 570 777 est
594 720 640 776 tali
662 729 819 778 remanente
840 722 938 778 merito

221 808 370 881 maiorique
393 808 496 863 animae
518 812 595 879 parte
617 813 757 880 superstes
780 823 837 862 eno.

177 892 329 949 Porticibus
353 893 435 947 sacris
459 893 511 946 iam
534 907 590 947 non
613 891 757 966 peregrina
780 893 891 965 quiesco

220 977 322 1032 iudicis
346 977 447 1031 aeterni
472 974 614 1031 tastilicata
635 975 775 1037 thronum.

248 1159 275 1208 11
303 1157 332 1208 G
350 1156 509 1208 Berneniia:
529 1156 708 1222 Epitaphium
727 1158 819 1208 uxoris
838 1159 897 1208 eius
917 1173 968 1222 que
987 1155 1089 1207 ibidem
1109 1157 1153 1206 ia·

180 1231 238 1276 cair
258 1226 351 1292 Helpe
371 1230 424 1280 eto.

217 1293 248 1344 V
265 1294 388 1345 lacobus
419 1293 451 1342 de
480 1293 618 1358 Voragine
651 1295 677 1342 in
706 1294 829 1357 Lependa
856 1310 936 1344 aureo
966 1291 1019 1358 (ed.
1045 1293 1155 1344 Graessi

263 1380 291 1427 p.
311 1365 360 1414 832
379 1378 437 1426 cap.
457 1359 614 1422 CLXXXI)
633 1363 695 1410 citat
715 1379 737 1410 u.
752 1367 774 1414 i.
794 1364 817 1411 2.
838 1363 862 1412 7.
881 1364 906 1414 8.
926 1369 951 1412 et
968 1365 1006 1410 sio
1024 1363 1070 1410 alli
1087 1376 1154 1426 quos

264 1438 382 1480 recenset
401 1429 573 1478 Burmannus.
637 1473 640 1481 ,

199 1499 243 1552 Gr.
262 1499 398 1548 Gruterus
416 1497 499 1546 lusor.
518 1496 551 1546 11
572 1495 735 1557 MCLXVI,
756 1498 771 1544 6
792 1513 848 1558 „ex
872 1497 936 1546 libro
960 1497 1153 1546 membranaceo

265 1566 322 1619 titt.
338 1566 471 1628 palatinae
490 1567 532 1628 pul
549 1563 685 1614 uidebatur
702 1565 848 1628 descriptus
857 1570 954 1616 centurn
966 1566 1063 1629 aliquot
1080 1571 1157 1614 reiro

266 1649 347 1684 aanor
365 1648 378 1682 e
397 1633 496 1695 templis
518 1631 576 1693 scre
594 1630 664 1680 urbis
689 1630 783 1682 Romae
806 1628 967 1696 [Mediolani
986 1627 1083 1696 licini]
1101 1647 1156 1680 ma·

264 1704 333 1750 nime
355 1715 417 1750 uero
440 1714 454 1749 e
474 1698 589 1748 Basilica
614 1697 672 1749 DD.
696 1698 772 1748 Petri
798 1715 829 1748 cc
853 1697 958 1750 Pauli.“
1001 1701 1034 1749 In
1054 1701 1156 1767 portic.

266 1768 292 1817 S
311 1767 390 1818 Petri
408 1766 567 1828 inscribitur,
586 1782 623 1814 sc.
643 1783 693 1816 non
711 1783 831 1817 romanae
848 1769 896 1817 sed
911 1770 1045 1832 papiensis
1071 1771 1158 1817 eccle·

265 1838 319 1886 siae
338 1834 375 1884 ’.8
403 1835 478 1884 Petri
504 1849 568 1899 quae
588 1834 682 1884 dicitur
709 1836 736 1884 in
762 1837 834 1885 caclo
857 1851 944 1886 aureo
951 1833 974 1898 *j
1000 1851 1051 1901 quo
1072 1837 1099 1885 in
1125 1851 1158 1884 re

265 1907 334 1954 multi
353 1909 415 1968 post
440 1902 574 1952 Gruterum
602 1911 736 1965 errarunt,
765 1910 792 1952 ut
818 1912 938 1954 auctores
971 1905 1158 1968 descriptionis

265 1970 336 2021 urbis
354 1972 449 2022 Romae
470 1970 503 2018 II
520 1973 547 2032 1,
566 1971 614 2029 69,
636 1970 669 2021 Α.
690 1973 721 2020 cle
736 1971 856 2020 lieumont
876 1971 965 2023 Gesclr
984 1973 1010 2024 d
1031 1971 1069 2021 Sl
1090 1970 1157 2022 Rom

184 2111 245 2174 Gya
264 2105 307 2172 Gy
309 2106 403 2156 raldus
427 2107 459 2156 de
485 2112 620 2169 poetarum
641 2107 750 2156 luistoria
773 2107 834 2156 dial
857 2106 882 2156 V
905 2102 957 2169 (ed.
978 2105 1062 2156 Basil.
1088 2107 1158 2156 1545

267 2192 292 2239 p.
289 2123 373 2237 y651)
392 2174 545 2239 principium
565 2179 660 2223 tantum
678 2171 713 2237 (u.
735 2176 811 2236 1-3)
830 2174 926 2236 adseri

224 2244 250 2294 'P
267 2242 455 2293 Tiraboaohus
468 2241 520 2291 III
533 2242 566 2290 56
579 2256 614 2291 en
626 2241 773 2306 Monpitore
793 2241 953 2305 (bibliotheca
969 2245 1051 2292 sicula
1064 2242 1079 2290 I
1095 2241 1158 2304 173)

266 2312 344 2374 paulo
362 2312 508 2360 inmutatum
526 2311 674 2372 descripsit.
703 2311 851 2375 plerumque
869 2312 994 2360 consentit
1012 2326 1065 2360 cum
1083 2312 1122 2358 eis

224 2379 250 2427 F
269 2379 410 2429 Ferratus
442 2393 522 2440 neque
549 2378 637 2427 lorum
662 2377 723 2428 libri
749 2394 795 2428 nec
817 2378 959 2428 Bonifaoii
981 2377 1028 2442 (B)
1054 2377 1158 2428 Torre-

268 2459 382 2494 munzae
400 2453 426 2494 et
439 2445 559 2493 Parutae
580 2442 634 2509 (qui
651 2461 686 2495 em
699 2447 787 2496 codice
800 2445 965 2496 Messanensi
982 2447 1159 2510 descripsisse

270 2511 376 2576 dicitur)
395 2517 504 2577 praesto
523 2521 608 2562 erant.

221 2581 248 2631 P
267 2579 680 2643 liberPeroiiimanuemaratus,
700 2597 748 2646 quo
761 2580 925 2630 Burmannus
942 2580 1070 2641 utebatur,
1089 2546 1159 2631 lrunc

268 2651 365 2698 titulum
382 2647 502 2698 latebat·
527 2662 704 2698 arannrnruu
724 2663 826 2698 uxoars
850 2663 949 2699 nonum
979 2649 1109 2700 simeoni
1128 2665 1159 2702 v.

268 2732 339 2766 mr.
362 2715 477 2765 Extat·
466 2731 492 2763 m
516 2717 573 2765 cod.
592 2717 769 2767 Laurentiano
792 2717 843 2765 III
869 2719 918 2767 347
938 2716 1111 2766 LXXXVII
1134 2717 1159 2778 f

270 2789 300 2833 1⁸
324 2781 428 2850 (uxoris
456 2782 544 2832 boetii
566 2798 662 2833 uersus
693 2783 846 2850 pamphil).
875 2792 1077 2836 connumeratur
1099 2787 1162 2836 cod.

273 2852 411 2902 Treccnsia
429 2869 454 2901 n
474 2851 579 2901 13810.
598 2851 687 2904 XIII.

270 2927 382 2970 ceterum
400 2921 452 2970 uid.
472 2917 636 2969 Burmannus
654 2920 690 2969 II
710 2923 759 2972 138
796 2921 858 2985 Mep
859 2937 889 2970 er
906 2921 964 2972 824.
1084 2934 1086 2938 ·

255 2986 497 3052 lHalpisPFGpr.
517 2984 634 3051 ElpiaT
649 2988 735 3054 Elpes
750 2989 778 3038 V
792 2988 950 3054 Helpesllr.
970 2987 1162 3039 Helfechur.

186 3055 258 3120 Help
262 3072 276 3106 e
297 3056 319 3106 G
337 3061 342 3115 Ι
359 3051 446 3118 diota]
470 3054 559 3106 toaG
583 3051 589 3121 Ι
613 3055 741 3107 siculelr'
776 3055 889 3107 Siciliae
911 3056 940 3105 V
958 3054 963 3120 Ι
988 3055 1164 3120 alumpnanl

185 3127 302 3190 nquam
321 3123 365 3173 Gr
389 3123 417 3172 V
446 3122 535 3174 Meo
603 3125 801 3175 3—1tom.o
867 3124 961 3175 4Nee
984 3123 1071 3174 solum
1093 3139 1127 3174 ea

186 3190 718 3257 sedsp.ur.noor01umqoecaror>
751 3193 809 3242 Neo
827 3191 912 3242 solum
929 3208 986 3242 una
1004 3207 1068 3242 earo
1087 3190 1127 3257 lp.

187 3275 302 3325 eumque
325 3259 385 3310 uiro
409 3258 494 3310 solum
518 3257 555 3322 sp.
585 3259 631 3308 Tr
707 3263 723 3312 6
745 3260 915 3325 Maiorisque
938 3261 1024 3311 animi
1047 3261 1100 3310 F

186 3324 354 3392 Porticibue]
370 3327 506 3379 Boethius
523 3326 551 3374 V
560 3324 611 3391 (ed
624 3329 721 3391 princ.)
752 3326 1091 3392 PortioihuaqueFiiam
1105 3343 1131 3386 m
1221 3378 1222 3383 ,

188 3396 233 3448 Gr.
302 3397 359 3444 iam
377 3407 451 3446 nunc
474 3397 502 3445 V
503 3394 549 3444 ΤΕ
563 3395 632 3444 Vali.
702 3396 718 3445 8
738 3397 846 3446 thorum
863 3397 889 3446 P

254 3463 280 3525 *i
300 3463 424 3514 Similem
442 3461 568 3513 Palatini
591 3464 752 3515 Gruteriani
775 3480 905 3516 errorem.
917 3465 1028 3514 Riesius
1045 3463 1135 3514 Aniba

188 3531 215 3582 ll
236 3532 326 3596 praei.
345 3532 411 3581 XXI
431 3531 547 3584 notauit.
886 3554 889 3561 ·
