2388 3910
180 198 223 264 46
529 197 804 253 PHILOSOPHIAE

181 372 263 434 nulla
285 388 427 452 umquam
452 373 566 450 poterit
587 387 652 432 esse
681 367 810 432 collatio.
854 371 896 430 ita
914 370 966 442 iit,
995 378 1029 432 ut
1050 389 1142 452 quam

180 456 254 518 libet
275 457 386 534 prolixi
405 458 555 537 temporis
575 458 669 526 fama,
697 455 724 516 si
753 473 822 517 eum
850 455 1027 518 inexhausta
1056 465 1142 518 aeter·

179 544 273 603 nitate
296 544 463 621 cogitetur,
486 559 547 603 nou
568 557 663 624 parua
684 538 739 602 sed
762 538 850 621 plane
864 540 947 604 nulla
963 559 1029 603 esse
1050 541 1143 602 uidet·

143 643 169 684 co
183 636 242 688 tur.
293 625 351 688 llos
381 634 482 689 autem
514 629 572 690 uisi
605 626 642 689 ad
674 625 834 706 populares
867 643 955 688 auras
986 627 1143 704 inanesque

182 727 321 774 rumores
348 721 431 774 recte
460 713 561 778 lacere
594 713 720 774 nescitis
754 722 785 773 et
812 712 918 773 relicta
950 714 1144 774 eonscientiae

180 797 360 879 uirtutisque
379 801 567 877 'praestantia
595 798 632 860 de
656 796 763 860 alienis
790 799 924 878 praemla
951 797 1144 860 sermunculis

179 883 347 962 postulatis.
397 885 507 964 Accipe
540 886 574 945 ln
601 881 774 944 huiusmodi
807 883 995 962 arrogantiae
1027 882 1144 946 ienitate

180 984 269 1048 quam
291 969 400 1031 festiue
422 967 530 1049 aliquis
552 968 702 1030 inluserit.
736 983 807 1029 nam
829 981 898 1030 eum
920 967 1045 1049 quitiam
1067 967 1144 1030 adcr-

141 1068 166 1110 ιι
179 1067 231 1115 sus
253 1061 333 1115 esset
354 1054 506 1116 hominem
529 1051 719 1116 contumeliis
740 1055 793 1134 qui
819 1067 882 1115 nou
904 1053 947 1132 ‘ad
971 1069 1064 1116 uenae
1091 1055 1143 1115 uir·

180 1139 254 1199 tutis
276 1155 364 1201 usum
391 1139 444 1202 sed
472 1138 509 1201 ad
532 1137 693 1218 epocham
716 1137 841 1218 gloriam
870 1139 979 1201 falsum
1002 1137 1062 1200 sibi
1088 1137 1143 1217 plri-

180 1223 299 1305 losophi
321 1239 432 1286 nomen
453 1224 592 1286 induerat
616 1223 833 1306 adiecissetque
854 1224 915 1287 iam
938 1243 971 1286 se
990 1225 1142 1294 sciturum,

179 1324 219 1370 au
249 1308 301 1371 illo
328 1309 524 1391 philosophus
556 1317 651 1380 esset,
685 1311 712 1370 si
743 1308 863 1391 quidem
894 1309 994 1372 illatas
1026 1311 1143 1372 inlutias

178 1393 286 1456 leniter
318 1396 527 1476 patienterque
554 1395 728 1457 tolerasset:
758 1395 808 1456 ille
836 1397 1014 1474 patientiam
1041 1393 1143 1475 paulis·

141 1491 165 1535 ro
178 1493 234 1562 per
263 1479 429 1562 adsumpsit
457 1489 638 1562 acceptaque
666 1479 849 1543 contumelia
874 1482 961 1543 uelut
988 1478 1141 1541 insultans:

178 1563 240 1625 lam
268 1564 405 1636 taudem,
432 1566 545 1646 inquit,
575 1563 724 1644 intellegis
750 1583 799 1626 me
826 1581 893 1628 esse
921 1563 1141 1646 philosophum?

178 1647 256 1710 'lum
274 1648 329 1712 ¹ille
351 1651 479 1712 nimium
500 1650 697 1712 mordaciter:
725 1649 953 1723 lntellexeram,
981 1653 1095 1730 lnquit,
1119 1649 1140 1708 si

178 1734 333 1797 tacuisses.
377 1733 455 1806 Quid
478 1745 578 1798 autem
604 1744 649 1798 est
678 1735 757 1818 quod
779 1735 822 1798 'ad
848 1738 1030 1817 praecipuos
1058 1736 1140 1804 uiros,

179 1819 216 1879 de
244 1819 294 1881 his
322 1821 403 1882 enlm
430 1838 530 1883 sermo
563 1830 623 1892 est,
657 1822 710 1902 qul
737 1823 851 1883 uirtute
879 1823 1006 1903 gloriam
1033 1826 1139 1902 petunt,

139 1916 165 1958 to
179 1903 281 1984 quld
272 1922 395 1986 inquam
418 1906 565 1986 estquod
587 1905 624 1967 ad
645 1903 703 1967 ltos
724 1904 762 1969 de
786 1907 866 1969 tama
888 1916 958 1990 post
984 1907 1140 1970 resolutum

177 1997 274 2050 morte
297 2005 437 2071 suprema
459 2007 569 2070 corpus
590 1992 734 2053 attineat?
768 2007 837 2055 nam
860 1995 901 2066 si,
925 1994 1006 2076 quod
1028 1999 1139 2055 nostrae

177 2075 310 2137 rationes
338 2074 422 2138 credi
448 2084 567 2148 uetant,
595 2079 650 2139 toti
678 2079 850 2140 moriuntur
879 2079 1033 2150 homines,
1070 2075 1139 2139 nulla

178 2166 223 2221 est
244 2161 366 2223 omnino
389 2162 500 2240 gloria:
530 2177 598 2224 cum
626 2164 653 2224 is
675 2162 761 2227 cuius
789 2181 825 2224 ea
852 2183 919 2227 esse
948 2165 1063 2227 dicitur
1090 2177 1139 2223 nm

177 2253 260 2307 extet
282 2247 415 2308 omnino.
460 2250 507 2309 sin
534 2265 610 2310 uero
631 2246 709 2310 bene
738 2246 797 2309 sibi
824 2262 911 2312 mens
938 2251 1061 2312 conscia
1087 2256 1136 2309 ter·

142 2341 167 2381 ⁸0
180 2347 255 2391 reno
278 2348 399 2393 carcere
422 2332 517 2394 soluta
544 2333 659 2396 caelum
688 2332 784 2396 libera
812 2338 903 2415 petit,
930 2351 1032 2398 nonne
1061 2349 1137 2395 omne

178 2421 331 2476 terrenum
349 2419 514 2496 negotium
542 2425 666 2500 spernat
693 2433 769 2500 quae
796 2435 828 2480 se
851 2419 934 2482 caelo
955 2422 1063 2482 truens
1088 2427 1137 2480 ter·

178 2501 261 2559 renis
282 2500 393 2588 gaudet
415 2505 602 2583 exemptam?

179 2649 229 2713 vll
261 2650 449 2735 Quicumque
472 2655 566 2716 solam
588 2665 688 2720 mente
711 2659 872 2739 praecipiti
891 2660 972 2738 petit

329 2738 545 2822 Summumque
568 2732 664 2804 credit
687 2743 874 2822 gloriam,

123 2934 145 2977 B
242 2923 275 2974 dl
294 2925 416 2978 conlatio
435 2925 463 2976 K
543 2927 576 2978 62
594 2927 673 2994 preli.
695 2928 720 2978 Τ
795 2931 829 2980 64
846 2929 897 2980 inl.
914 2929 994 2980 M'K
1012 2927 1018 2994 Ι
1039 2923 1140 2980 adoriri

177 2989 343 3044 Tudertes
355 2993 487 3050 lllldK
556 2995 590 3048 68
608 2994 658 3048 inl.
674 2996 703 3049 K
797 2996 1022 3050 teneremini)
1044 2995 1138 3050 edium·

173 3057 227 3124 plit
243 3058 273 3110 K
290 3059 339 3114 aii.
360 3059 426 3125 ΤΚΙ
445 3039 527 3114 uelud
545 3062 575 3113 K
643 3065 675 3115 ⁷1
694 3065 727 3116 tt
744 3045 837 3132 iuquit
852 3064 999 3133 intellegis
1015 3081 1045 3117 ue
1063 3079 1092 3116 ue
1107 3062 1137 3114 cd

172 3125 338 3181 mordaciter
359 3127 557 3181 intellexeram
580 3131 618 3182 dis
640 3133 783 3198 scriptuli
869 3135 929 3185 ‘12'
920 3149 950 3185 ιιι
952 3131 1019 3199 quid

174 3195 206 3248 ta
223 3191 333 3265 ptipuoi
345 3195 376 3247 K
447 3197 512 3250 'lii
548 3213 643 3265 prema
657 3199 723 3265 ΤΕΙ
739 3199 868 3253 edtineet
885 3197 914 3251 K
986 3201 1021 3254 ts
1038 3197 1096 3253 eriri
1108 3215 1114 3249 ι

173 3264 254 3316 cunii
266 3281 290 3317 c.
308 3262 362 3331 ΚΙ
381 3263 435 3316 elle
453 3280 501 3317 orn.
626 3269 658 3319 '19
676 3199 754 3320 ma'nl
769 3267 791 3320 Γ
791 3269 822 3322 bi
839 3270 890 3333 ΑΙ
911 3268 1021 3322 conseia
1039 3265 1114 3323 om.l

239 3335 273 3385 80
290 3262 380 3384 soluta
400 3330 457 3383 ΤΙ)1
480 3331 602 3386 resoluta
619 3335 647 3386 K
652 3335 695 3386 lli
762 3337 796 3388 et
816 3336 928 3403 spernat
944 3337 1026 3388 EDK
1042 3336 1115 3403 spero

175 3399 310 3464 decrat
326 3400 411 3454 eeelu
430 3400 484 3467 (pr
503 3400 538 3466 c.)
561 3402 586 3452 Τ
650 3401 884 3456 82οιοιιιιιιιιι1)

173 3547 225 3598 que
240 3401 355 3586 (ἔφφὲῐῖῌ
392 3471 620 3536 lqureuuquell
689 3472 909 3540 ttummomque
925 3473 981 3526 ΕΚ
1003 3471 1115 3524 lummun
