2458 3912
394 181 689 236 cousonnrrorus
707 184 721 234 1
1019 182 1040 246 5

13 313 16 336 1

82 357 195 440 quidam
228 355 367 432 insigniti
402 353 584 416 uidebantur
616 353 726 435 quibus
760 354 796 417 ab
830 355 974 416 inferiore
1009 354 1044 415 ad
1058 369 1083 408 so

13 447 15 502 Ξ
79 445 210 523 superius
243 441 429 502 elementum
462 447 542 500 esset
575 459 724 502 ascensus.
778 440 911 502 Eandem
944 447 1044 501 tamen

13 539 17 564 ¹
78 537 187 590 uestem
209 526 415 587 uiolentorum
430 524 620 605 quorundam
636 526 786 587 sciderant
800 543 907 587 manus
930 533 960 586 et
974 542 1044 603 par·

76 613 180 675 ticulas
207 629 282 692 quas
315 613 443 691 quisque
476 614 576 690 potuit
609 609 802 672 abstulerant.
851 610 889 671 Et
921 611 1045 670 dextera

77 699 193 780 quidem
223 699 292 758 eius
319 694 438 757 libellos
468 703 621 777 sceptrum
651 714 725 756 uero
754 698 876 756 sinistra
897 694 1043 774 gestabat.

13 801 15 864 ζ
76 785 153 855 Quae
174 780 226 842 ubi
253 783 390 862 poeticas
412 780 512 842 Musas
539 782 618 843 uidit
646 790 749 843 nostro
771 781 951 842 adsistentes
979 788 1045 841 toro
1058 792 1084 832 25

13 911 16 940 3
76 869 252 947 fletibusque
281 869 358 928 meis
391 865 487 927 uerba
515 867 677 937 dictantes,
712 873 860 928 commota
892 864 1046 944 paulisper

13 991 15 1042 3
77 973 111 1016 ac
130 955 224 1014 toruis
247 951 432 1014 inflammata
455 951 636 1014 luminibus:
660 955 741 1033 quis,
766 954 881 1032 inquit,
905 951 959 1012 has
982 967 1046 1010 sce-

13 1053 15 1118 3
76 1042 157 1100 nicas
177 1035 391 1099 meretriculas
418 1037 558 1098 adhunc
588 1055 712 1116 aegrum
733 1039 872 1115 permisit
903 1036 1046 1097 accedere

13 1123 16 1180 1
77 1141 150 1205 quae
171 1122 292 1184 dolores
316 1124 382 1183 eius
404 1141 465 1184 non
490 1123 578 1184 modo
607 1123 696 1184 nullis
724 1122 868 1184 remediis
896 1122 1045 1190 louerent,

13 1205 19 1300 1
75 1227 178 1270 uerum
208 1206 350 1269 dulcibus
382 1209 508 1287 insuper
538 1207 653 1270 alerent
688 1208 832 1268 uenenis?
882 1206 944 1267 Hae
978 1211 1086 1267 suntao

13 1301 15 1378 f
76 1296 155 1356 enirn
176 1312 253 1374 quae
277 1294 475 1354 infructuosis
504 1293 642 1354 allectum
672 1295 769 1372 spinis
791 1291 918 1352 uberem
939 1292 1046 1352 fructi·

13 1409 15 1448 ι
75 1381 136 1441 bus
160 1381 288 1440 rationis
317 1387 453 1456 segetem
480 1385 589 1439 necant
615 1378 829 1457 bominumque
857 1384 973 1436 mentes
1001 1393 1047 1436 as·

13 1507 16 1520 .
80 1465 246 1527 suelaciunt
269 1462 393 1535 morbo,
418 1481 477 1523 non
501 1462 641 1524 liberant.
669 1463 707 1523 rit
729 1464 755 1523 si
771 1480 861 1543 quem
877 1459 1046 1538 profanum,

13 1539 15 1620 Ϊ
74 1553 121 1612 uti
142 1549 233 1628 uulgo
256 1548 378 1610 solitum
400 1547 503 1618 uobis
527 1547 691 1610 blanditiae
706 1554 827 1608 uestrae
843 1546 1046 1615 detraherent,

13 1633 15 1660 ³
75 1639 174 1696 minus
195 1633 323 1696 moleste
346 1634 505 1696 ferendum
528 1640 678 1712 putarem.
724 1632 799 1694 nibil
822 1634 933 1713 quippe
956 1634 988 1692 in
1011 1643 1085 1690 eoae

75 1729 194 1782 nostrae
230 1737 341 1798 operae
369 1719 572 1780 laederentur.
623 1718 702 1779 hunc
731 1737 805 1779 uero
840 1717 976 1778 eleaticis
1004 1724 1047 1778 at-

13 1825 16 1890 1
76 1825 133 1886 que
163 1805 344 1866 academicis
373 1804 480 1865 studiis
508 1805 706 1865 innutritum?
751 1803 810 1864 Sed
838 1801 920 1863 abite
948 1803 1049 1879 potius

13 1893 16 1936 1
76 1892 197 1952 Sirenes
225 1907 322 1969 usque
351 1891 383 1950 in
412 1893 526 1950 exitum
554 1890 656 1951 dulces
688 1891 823 1969 meisque
857 1905 926 1948 eum
955 1886 1047 1947 Musis

13 2013 17 2052 1-
76 1975 240 2037 curandum
264 1975 486 2055 sanandumque
509 1974 683 2054 relinquite.
719 1973 773 2035 llis
794 1973 844 2034 ille
869 1972 979 2032 chorus
1000 1973 1047 2031 in·

13 2097 16 2146 3
76 2063 208 2141 crepitus
232 2059 342 2120 deiecit
363 2059 447 2120 humi
470 2061 613 2122 maestior
628 2059 744 2120 uultum
760 2061 973 2138 confessusque
996 2074 1046 2117 ru·
1060 2069 1086 2109 40

77 2145 151 2208 bore
174 2145 388 2206 uerecundiam
411 2145 503 2206 limen
526 2146 622 2206 tristis
644 2144 780 2206 excessit.
826 2144 862 2204 At
884 2159 940 2220 ego
963 2143 1048 2200 cuius

13 2262 16 2278 a
77 2234 157 2293 acies
184 2230 318 2292 lacrimis
345 2247 443 2292 mersa
474 2228 616 2308 caligaret
644 2246 700 2290 nec
733 2228 890 2289 dinoscere
918 2243 1048 2305 possem,

13 2327 16 2390 3
76 2333 219 2396 quaenam
241 2315 316 2376 baec
339 2321 420 2376 esset
438 2315 548 2376 mulier
566 2317 630 2376 ‘tam
653 2315 832 2393 imperiosae
855 2311 1048 2380 auctoritatis,

13 2395 15 2408 '
77 2401 206 2482 obstipui
241 2403 369 2480 uisuque
398 2403 431 2461 iu
464 2407 577 2462 terram
605 2400 701 2461 defixo
735 2400 877 2480 quidnam
906 2397 1050 2474 deinceps

13 2499 17 2564 1
77 2495 157 2548 esset
180 2493 297 2556 actura,
322 2493 497 2564 exspectare
519 2488 626 2547 tacitus
655 2487 752 2566 coepi.
797 2485 872 2544 Tum
901 2482 951 2543 illa
978 2495 1089 2563 pro-45

13 2569 15 2596 ³
76 2575 146 2650 pius
175 2571 321 2632 accedens
349 2571 379 2631 in
408 2577 540 2631 extrema
569 2570 671 2632 lectuli
704 2572 763 2631 mei
796 2575 882 2649 parte
914 2567 1051 2628 consedit

13 2805 17 2842 ‘³
146 2809 178 2859 22
197 2807 382 2858 scideruntT
448 2811 480 2860 23
499 2807 642 2858 dextrali
711 2809 744 2857 25
761 2806 801 2856 ibi
823 2802 871 2870 1⁷¹3
890 2802 981 2854 atriti.
1003 2802 1053 2852 ΤΚ

13 2881 15 2958 1
80 2875 167 2928 allisi.
185 2875 209 2924 E
225 2873 229 2941 3
245 2874 325 2926 thoro
343 2875 372 2926 K
446 2878 478 2926 21
497 2875 639 2926 lebenical
653 2877 679 2924 Ε
754 2875 787 2924 28
805 2889 875 2924 mere
893 2870 1010 2922 briculas
1026 2871 1051 2934 (e

13 2965 15 3082 1
78 2994 159 3060 erec.)
183 2994 207 3044 Τ
232 2969 406 3058 mdftricutas
421 3010 445 3060 q3
466 2993 502 3059 (q;
522 2992 683 3059 eucotd03K
750 2995 781 3044 31
802 2959 907 3044 affeetl
924 3007 1015 3044 rece.
1032 2991 1056 3040 Τ

13 3083 14 3096 r
178 3072 195 3100 u

13 3099 15 3128 ³
99 3111 193 3180 ”retii
208 3113 238 3164 K
265 3113 388 3164 effecturi
405 3113 431 3162 Ε
452 3114 505 3164 uid.
524 3113 620 3163 Neuius
637 3112 655 3161 I
674 3114 725 3162 371
813 3116 846 3164 34
864 3111 944 3164 nobil
959 3111 984 3161 Α

13 3191 16 3206 ’
128 3181 318 3234 ierendemT
388 3183 421 3232 31
444 3179 629 3230 acbademitis
642 3179 668 3228 K
743 3183 775 3232 38
800 3178 904 3246 [irenes
920 3179 945 3243 (l
960 3177 1009 3242 er.)
1032 3177 1056 3226 Τ

133 3267 176 3301 me
197 3251 218 3300 0
239 3248 244 3314 3
269 3249 374 3300 exitum
400 3247 436 3298 Τ1
468 3250 583 3300 exitium
596 3248 654 3298 ’ΚΕ
761 3251 795 3300 40
817 3251 927 3300 mettior
947 3246 971 3295 Τ

135 3319 275 3384 caligaret
297 3332 349 3368 nec
375 3315 452 3366 ΤΕΚ
474 3316 538 3380 (uid.
561 3317 633 3379 iufra
656 3318 671 3366 2
695 3328 733 3366 142
758 3316 863 3368 lumina
888 3313 1052 3380 caligantia)

13 3411 15 3432 r
133 3393 220 3454 ,gerat
237 3384 282 3438 K²
309 3383 483 3450 caligauerat
501 3400 536 3435 ne
555 3386 579 3434 Α
601 3381 606 3447 Ι
625 3383 724 3450 possim
742 3385 778 3434 ΕῙ
858 3387 892 3434 43
909 3383 1053 3449 imperioie

13 3519 15 3532 Ι
48 3485 50 3487 ·
145 3455 218 3572 cKT
301 3455 335 3503 44
359 3453 476 3518 obstipui
503 3453 526 3502 Τ
559 3451 688 3518 obstupui
709 3453 763 3502 ΚΕ
848 3454 881 3503 45
905 3452 978 3518 exsp.
1007 3451 1054 3500 ΤΕ
