2416 3904
186 168 228 234 43
533 165 806 236 enmosorruma

187 359 275 423 queo.
330 340 447 402 Etenim
475 340 544 420 plus
571 338 744 405 homiuibus
777 358 847 401 reor
876 340 1034 400 aduersam
1065 351 1147 420 quam

187 443 362 507 prosperam
384 426 525 506 prodesse
554 426 714 486 fortunam.
760 425 809 486 illa
834 425 914 486 euim
943 441 1061 503 semper
1088 442 1147 503 spe·
1205 495 1206 502 ἵ

147 577 150 582 Δ
188 512 233 573 oie
267 512 437 580 felicitatis,
474 529 543 573 oum
578 509 700 572 uidetur
735 508 859 581 blanda,
889 510 1049 570 mentitur:
1082 509 1148 570 haee
1204 505 1206 570 ἓ

150 610 175 652 ιο
188 613 307 674 semper
329 613 402 658 uera
425 603 483 665 est,
508 613 630 657 cumae
654 593 824 656 instabilem
847 596 1010 656 mutatione
1033 595 1146 656 demon·

189 689 274 743 strat.
321 681 371 743 illa
393 679 483 751 fallit,
507 681 581 742 haec
605 679 740 750 instruit,
770 679 820 742 illa
842 679 1032 742 mendacium
1055 680 1147 760 speeie
1204 689 1206 710 ¹

188 765 336 828 bonorum
360 774 476 827 mentes
498 766 663 827 fruentium
688 765 775 844 ligat,
805 765 879 826 haee
902 766 1074 843 cognitione
1095 765 1147 825 fra·
1204 763 1205 766 ’

187 849 256 930 gilis
277 851 430 913 felicitatis
451 849 588 912 absoluit.
635 852 736 931 itaque
758 850 840 912 illam
868 850 973 912 uideas
1000 857 1147 912 uentosam

187 937 330 999 fluentem
361 937 468 1016 suique
497 953 617 1016 semper
643 938 794 1014 ignaram,
824 936 901 998 hanc
929 934 1061 996 sobriam
1089 953 1148 996 sue·

149 1034 175 1076 15
188 1023 377 1100 cinctamque
400 1027 430 1080 et
450 1021 546 1099 ipsius
568 1021 759 1083 aduersitatis
787 1022 1003 1083 exercitatione
1026 1019 1148 1100 pruden-

187 1114 258 1167 tem.
309 1111 463 1186 postremo
493 1103 565 1186 felix
593 1124 609 1167 a
642 1125 717 1168 uero
750 1104 830 1168 bono
863 1104 969 1167 deuios
1003 1104 1147 1167 blanditiis

187 1190 294 1260 trahit,
318 1189 446 1253 aduersa
468 1191 646 1272 plerumque
670 1188 706 1252 ad
728 1209 803 1253 uera
826 1191 904 1263 bona
927 1191 1055 1253 reduces
1076 1207 1146 1252 unco

187 1275 323 1338 retrahit.
364 1277 408 1338 dn
430 1276 488 1338 ltoo
509 1279 589 1339 inter
604 1279 728 1338 minima
744 1277 960 1339 aestimandum
975 1284 1062 1357 putas
1077 1274 1148 1356 quod

188 1362 353 1424 amicorum
376 1360 432 1422 tibi
454 1360 586 1424 fidelium
608 1369 724 1424 mentes
738 1362 812 1424 haec
834 1380 941 1443 aspera
962 1361 1037 1424 haec
1058 1363 1147 1423 horri-

148 1459 175 1502 so
188 1445 258 1507 bilis
279 1448 400 1508 fortuna
422 1445 553 1518 detexit,
575 1446 650 1510 haec
673 1446 730 1508 tibi
752 1455 852 1510 certos
880 1447 1027 1510 sodalium
1055 1447 1147 1509 uultus

188 1529 403 1611 ambiguosque
425 1534 570 1602 secreuit,
595 1531 753 1594 discedens
775 1549 844 1594 suos
859 1531 996 1603 abstulit,
1020 1540 1086 1594 tuos
1106 1549 1146 1591 re·

187 1615 294 1695 liquit?
338 1614 445 1686 Quanti
472 1617 529 1678 hoc
556 1620 693 1697 integer,
721 1620 765 1680 uti
794 1617 949 1680 uidebaris
980 1616 1036 1678 tibi
1062 1618 1146 1678 fortu-

187 1707 290 1770 natus,
315 1702 460 1762 emisses?
505 1702 608 1766 desine
637 1704 762 1766 amissas
789 1721 861 1784 opes
883 1721 1047 1784 quaerere,
1076 1700 1146 1784 quod

187 1786 436 1874 pretiosissimum
460 1786 635 1849 diuitiarum
657 1807 753 1868 genus
776 1799 820 1850 est
843 1791 955 1852 amicos
977 1786 1123 1851 inuenisti.

283 1935 347 1998 lllll
390 1938 476 2010 Quod
498 1941 628 2003 mundus
650 1940 751 2003 stabili
773 1941 830 2002 fide

390 2024 561 2087 Concordes
581 2029 679 2088 uariat
700 2029 799 2098 uices,

390 2108 475 2181 Quod
497 2113 660 2192 pugnantia
686 2113 800 2174 semina

392 2194 510 2258 Foedus
531 2204 710 2278 perpetuum
733 2204 852 2267 tenent,

390 2279 475 2352 Quod
498 2281 637 2344 Phoebus
659 2281 780 2343 roseum
803 2281 882 2343 diem

390 2364 488 2427 Curru
511 2368 649 2444 prouehit
671 2385 777 2436 aureo,

390 2448 427 2509 Vt
449 2469 523 2529 quas
544 2450 664 2513 duxerit
686 2451 835 2533 Hesperos

389 2532 509 2596 Phoebe
532 2534 671 2598 noctibus
693 2539 835 2616 imperet,

254 2768 393 2835 9plande
413 2769 521 2833 Tlheo
542 2772 566 2821 Τ
637 2775 668 2824 ll
687 2773 854 2825 mendatium
875 2775 899 2824 T
970 2743 1143 2832 rescirent

186 2834 335 2889 blandiciis
356 2838 381 2888 Τ
447 2839 479 2890 1‘1
497 2838 609 2891 reduces
623 2857 669 2905 ona.
688 2841 714 2892 Ε
732 2841 882 2908 (reduceris
896 2845 1026 2910 interpres
1042 2837 1086 2907 rr.)

186 2905 220 2954 20
237 2904 328 2956 uultui
342 2905 370 2970 (v
387 2907 413 2957 in
430 2923 484 2959 rar.
503 2908 548 2970 ol.)
569 2909 593 2958 Τ
657 2911 689 2960 21
709 2909 829 2976 reliquid
840 2909 882 2962 Ε1
950 2914 984 2962 22
1001 2912 1105 2976 integer
1122 2909 1145 2958 et

186 2969 213 3020 Ε
232 2975 260 3021 ot
278 2988 324 3023 om.
347 2974 436 3040 TKOl
455 2974 535 3042 utils(
551 2974 644 3042 (altero
661 2977 704 3028 uti
721 2976 777 3084 erp
793 2978 861 3031 Tut
878 2979 933 3030 ΚΕ
949 2985 981 3032 ut
997 2979 1084 3056 one-A

186 3091 220 3140 23
232 3087 432 3156 Defmellnune
443 3091 467 3144 da
479 3094 593 3146 amiffaf
601 3096 630 3146 K
645 3095 758 3149 Deffine
771 3055 919 3150 {nimine
927 3097 973 3164 (ol.
983 3099 1060 3151 Nune
1068 3091 1145 3160 sodli

186 3156 289 3208 Deffna
313 3159 425 3212 amiffef
444 3157 528 3226 (nune
551 3164 608 3228 om.)
631 3164 655 3214 Τ
680 3163 783 3216 Dafina
804 3169 831 3218 in
853 3183 907 3219 ras.
932 3169 1015 3231 (nune
1033 3163 1088 3228 om.)
1107 3159 1143 3224 Gl

187 3274 304 3325 querere
322 3277 344 3312 ω
358 3255 364 3328 Ι
380 3277 495 3330 querere
514 3265 583 3330 opef
596 3265 622 3316 Ε
694 3268 729 3316 24
745 3269 859 3333 preciof.
880 3270 903 3320 Τ
923 3229 1144 3334 pretiitmtsfldi-

185 3329 317 3404 uitiorum
335 3329 382 3396 (at.
401 3329 435 3396 e.)
454 3331 480 3382 E
498 3332 553 3383 diu.
571 3332 659 3400 genuf
673 3333 713 3385 eft
731 3352 753 3386 ro
772 3335 812 3389 eft
830 3335 886 3387 diu.
904 3337 993 3404 genuf
1008 3339 1033 3390 Α

255 3430 286 3482 O.
307 3429 386 3502 VIII]
424 3411 594 3485 litabrlrfide
613 3436 643 3486 K
721 3435 856 3488 dfoebuf
870 3436 916 3504 Κβ
970 3431 1146 3504 ·7ὴοῐροτο[

191 3494 255 3562 ΤΕβ
273 3499 403 3565 helporuf
416 3503 444 3553 K
450 3505 462 3554 f
