2458 3912
520 233 616 270 xxxxt

85 383 166 440 Nunc
185 384 265 438 decus
288 383 410 457 imperii,
433 398 550 439 summas
574 385 619 457 qui
641 392 802 458 praegrauat
825 393 907 458 erice,

84 469 194 525 Tertius
216 467 279 524 Otto
303 485 351 523 sua
373 467 486 541 dignum
509 476 536 523 te
555 467 655 524 iudicat
677 468 736 524 aula

84 556 285 626 Aeternumque
308 553 349 608 tui
370 553 466 608 statuit
489 561 661 609 monumenta
684 551 782 609 laboris

83 637 120 694 m
142 637 208 694 bene
228 637 407 711 promeritum
431 638 534 692 meritis
557 646 669 693 exornat
692 638 823 694 honestis.

544 882 594 948 VI

105 1053 168 1116 DE
191 1051 650 1137 OONMENTATORIBUSK
663 1053 1022 1120 CONSOLATIONIS

166 1197 202 1253 lle
225 1197 372 1252 Asserio
388 1197 492 1254 dllredi
513 1199 587 1272 regis
611 1205 786 1271 praeceptore
801 1197 863 1254 iude
884 1197 915 1252 ab
938 1215 962 1254 a.
986 1199 1047 1256 884

80 1281 230 1338 Guilelmus
254 1280 499 1338 ilalmesburiensis
528 1300 555 1356 p.
579 1281 619 1338 45
648 1283 713 1338 haec
740 1283 884 1338 memoriae
913 1283 1046 1356 prodidit:

5 1411 7 1446 ξ
77 1367 137 1422 Hie
152 1382 269 1423 sensnm
291 1368 431 1424 librorum
447 1367 562 1424 Boethii
575 1370 611 1423 ele
627 1367 826 1423 Consolatione
847 1368 1048 1438 philosophiae

5 1449 12 1530 1
76 1453 263 1522 planioribus
291 1453 390 1508 uerbis
418 1454 569 1522 enodatum,
592 1467 664 1522 quos
685 1455 746 1524 ipse
774 1466 831 1509 ren
852 1454 881 1508 in
904 1454 1048 1524 anplieom

5 1535 8 1556 '
78 1537 208 1610 linquam
231 1540 384 1593 conuertit.
426 1535 504 1616 Quae
521 1535 603 1592 uerba
626 1552 787 1610 quamquam
808 1537 982 1611 paraphrasin
998 1555 1047 1611 po·

78 1620 133 1676 tius
158 1619 313 1694 significare
336 1619 480 1692 uidentur,
503 1621 598 1678 lucidis
622 1630 711 1677 tannen
734 1621 953 1678 commentariolis
976 1620 1047 1678 Con·

75 1704 241 1760 solationem
263 1705 424 1762 inlustrasse
446 1706 521 1764 illurn
538 1713 633 1762 auctor
655 1716 696 1762 est
718 1705 851 1762 Lelandus
874 1707 907 1763 de
930 1708 1047 1781 scripto·

76 1787 153 1845 ribus
176 1788 334 1846 britannicis
357 1807 379 1846 c.
405 1790 496 1848 118s.
521 1808 553 1846 ex
576 1807 664 1863 eoque
687 1789 822 1848 Fabricius
845 1791 855 1846 1
879 1791 939 1848 145
963 1791 997 1847 Μ.

164 1874 385 1930 Conmentarium
407 1875 440 1930 ad
461 1875 566 1948 aliquot
587 1873 706 1930 boetiam
734 1875 824 1949 operis
847 1877 963 1932 carmina
985 1876 1047 1932 Bo·

5 1959 7 1966 '
75 1962 162 2015 uoni
185 1961 344 2016 antistiti
367 1960 480 2016 missum
510 1977 523 2014 a
548 1960 583 2015 B.
610 1958 726 2032 quodam
748 1962 774 2016 in
803 1960 938 2017 codices.
963 1961 984 2016 11
1005 1963 1046 2017 in·

5 2029 7 2048 '
74 2045 174 2100 nuenit
204 2054 286 2117 atque
322 2060 391 2118 quae
425 2045 562 2118 pertinent
594 2043 627 2100 ad
649 2061 672 2100 c.
697 2043 728 2101 111
762 2045 780 2100 9
815 2044 899 2102 edidit
925 2047 1045 2120 Angelus

72 2127 162 2208 Maius
185 2127 271 2185 Closs.
296 2135 380 2185 aucit.
401 2128 435 2184 111
458 2127 619 2195 ael-45,
645 2119 811 2202 praeclarum
839 2146 904 2184 sane
931 2131 955 2184 si
978 2139 1046 2185 tem·

5 2209 8 2258 ἶ
71 2231 126 2286 pus
151 2221 261 2286 spectas
276 2214 420 2286 scriptum,
436 2221 468 2270 ut
481 2221 556 2270 recte
571 2212 670 2268 iudicat
687 2212 718 2269 G.
734 2213 835 2268 Banrus
851 2229 878 2286 p.
897 2213 934 2270 15
950 2229 976 2268 u.
995 2213 1044 2270 27.

5 2365 6 2368 Ἴ
72 2293 182 2356 Auctor
211 2297 341 2355 nonnulla
369 2296 432 2353 fidei
460 2298 609 2354 catholicae
638 2297 772 2352 contraria
802 2297 830 2352 in
858 2296 1045 2355 consolatione

71 2383 188 2457 reperit,
213 2383 339 2439 Boetium
362 2391 450 2438 tamen
473 2381 619 2440 detondere
641 2381 744 2438 studet.
775 2381 930 2438 Brunonem
952 2382 1046 2440 Nouae

71 2466 209 2523 [turbelae
230 2468 393 2523 monachum
409 2467 437 2524 B.
459 2467 551 2524 littera
573 2465 686 2524 indicari
708 2465 797 2522 editor
817 2469 971 2540 suspicatus
994 2477 1044 2524 est.

163 2551 204 2606 nb
227 2552 281 2608 hoo
296 2552 483 2608 conmentario
506 2552 631 2608 diuersus
655 2551 764 2607 uidetur
786 2568 846 2608 esse
862 2569 942 2626 quem
966 2551 1045 2609 hahet

70 2637 146 2693 cod.
173 2635 459 2693 vindobonensis
478 2655 504 2692 n.
523 2636 583 2694 388
600 2655 622 2691 s.
636 2635 690 2691 11111
709 2635 910 2709 „opuseulum
934 2637 1045 2694 Adol-

70 2723 177 2778 holdi
212 2724 384 2793 episcopi
419 2722 630 2778 Traiectini
659 2714 695 2796 [†
725 2715 822 2796 1027]
852 2738 943 2793 snper
975 2725 1048 2778 illud

70 2807 187 2864 Boetii:
220 2807 265 2878 „0
298 2803 348 2879 qni
376 2814 522 2878 perpetua
555 2809 691 2863 mnndum
724 2809 836 2862 ratione
872 2806 1044 2876 ῃιιόενηαεα

5 2919 6 2962 3
68 2893 153 2966 quod
174 2907 229 2948 nec
252 2890 378 2948 Hermes
393 2907 447 2947 nee
462 2892 548 2948 Plato
563 2893 723 2948 dissoluere
737 2893 843 2963 potuit,
867 2894 917 2964 qni
930 2895 1046 2948 nimiam

67 2978 241 3048 philosophi
268 2975 375 3032 eront“
404 2991 436 3031 ea
465 2975 525 3032 cod.
548 2976 669 3031 Parisino
698 2974 773 3031 Colh.
803 2975 884 3032 7361
913 2993 935 3031 s.
958 2977 1044 3033 1111-

5 3119 7 3138 &
68 3061 129 3117 Xlll
160 3078 174 3116 a
209 3061 376 3116 Bethmenno
406 3059 572 3134 descriptum
600 3060 722 3134 possidet
751 3059 781 3116 G.
812 3061 952 3119 Waltzius.
1010 3062 1045 3117 tte

130 3144 227 3202 lboldo
251 3153 342 3202 autem
365 3153 472 3218 praeter
495 3146 567 3201 hune
595 3147 622 3200 in
644 3145 743 3201 Pertzii
767 3145 803 3201 SS
825 3145 859 3200 vt
883 3147 943 3204 679
967 3147 1045 3203 adeas

5 3359 7 3388 t
143 3331 159 3378 9
179 3328 283 3378 summe
302 3330 350 3392 qui
368 3331 502 3392 prorogat
526 3332 585 3376 erte
605 3325 768 3378 Schraderns
787 3354 792 3367 ·
812 3336 839 3378 ot
861 3336 952 3379 onelor
968 3329 1046 3378 horo-

5 3395 8 3430 *
125 3413 172 3446 inm
190 3397 254 3446 illud
273 3397 334 3461 (Ep.
354 3395 388 3445 II
407 3399 430 3458 1,
451 3396 493 3457 13)
513 3396 662 3459 usurpauit:
698 3397 762 3447 Urit
782 3397 854 3448 enim
873 3396 981 3460 fulgore
1000 3396 1045 3446 suo

5 3431 11 3500 i
145 3469 361 3529 praegrauat
385 3470 480 3514 artes
499 3464 572 3513 infra
591 3462 617 3512 ie
641 3463 759 3529 polites,
784 3480 864 3529 neque
887 3464 971 3515 obstat
988 3480 1046 3516 sen-

5 3531 14 3907 ι
121 3534 161 3585 'in
201 3536 232 3582 11
253 3532 293 3583 sui
311 3532 445 3582 Pithoeus
462 3531 634 3581 inAddendis
651 3530 851 3584 Burmannianis
869 3541 887 3583 t.
908 3532 925 3581 I
939 3549 965 3596 p.
986 3535 1044 3583 735.
