2388 3910
390 182 683 238 cousousrioms
706 187 734 238 11

149 354 313 417 Humanum
335 357 463 416 miseras
483 354 562 416 haud
586 355 654 416 idco
675 373 771 436 genus

206 439 309 502 Cesset
330 439 403 502 llere
426 439 585 520 querellas.

146 523 288 595 Quamuis
309 532 380 587 uota
401 523 500 590 iibens
521 527 654 605 excipiat
674 525 748 608 deus

204 608 289 672 Multi
312 609 457 690 prodigus
479 612 546 672 auri
575 624 580 635 ·

145 694 182 754 Et
202 694 292 756 claris
314 695 419 758 auidos
441 701 529 756 ornet
548 691 730 764 honoribus,

207 776 256 840 Nil
277 780 336 840 iam
358 786 444 860 parta
466 778 624 840 uidentur:

145 863 203 924 Sed
226 867 361 943 quaesita
383 882 495 927 uorans
516 881 606 924 saeua
628 866 777 942 rapacitas

206 949 289 1010 Alios
310 949 415 1027 pandit
437 949 549 1010 hiatus.

143 1031 224 1103 Quae
246 1035 307 1097 iam
329 1035 527 1114 praecipitem
549 1034 635 1094 irena
658 1032 832 1113 cupidinem
1059 1054 1084 1095 m

206 1118 296 1180 Certo
318 1119 377 1180 dne
396 1125 565 1196 retentent,

142 1202 257 1281 Largus
278 1220 347 1265 cum
368 1205 470 1283 potius
491 1203 670 1264 muneribus
692 1203 787 1266 fluens

207 1287 281 1348 Sitis
304 1288 434 1351 ardescit
455 1288 604 1352 habendi?

143 1371 312 1453 Numquam
334 1372 421 1436 diues
442 1375 503 1452 agit
525 1376 578 1454 qui
599 1373 736 1454 trepidus
762 1389 885 1458 gemens

207 1457 280 1518 Sese
302 1457 400 1520 credit
421 1465 592 1538 agentem.“
1059 1477 1085 1517 so

1 1719 3 1730 y
141 1642 183 1704 lli
226 1643 279 1704 His
301 1646 395 1722 igitur
416 1645 443 1706 si
464 1662 521 1722 pro
543 1661 576 1708 se
598 1652 699 1705 tecum
720 1643 840 1706 fortuna
862 1643 1046 1723 loqueretm,

1 1765 2 1776 κ
77 1727 158 1805 quid
174 1729 310 1808 proiecto
333 1737 437 1790 contra
458 1729 593 1792 hisceres
614 1746 674 1790 non
688 1727 833 1798 haberes,
857 1737 907 1788 aut
925 1729 952 1796 si
973 1728 1046 1808 quid

1 1811 2 1883 ζ
79 1820 126 1873 est
149 1830 209 1892 quo
232 1812 383 1894 quaerelam
406 1821 486 1876 tuam
510 1816 577 1878 iure
598 1815 725 1884 tuearis,
753 1813 892 1893 proferas
918 1821 1045 1892 oportet

77 1894 220 1960 dabimus
247 1898 367 1960 dicendi
394 1899 503 1960 iocum.
545 1899 626 1962 'Tum
654 1915 725 1977 ego:
755 1897 897 1977 Speciosa
925 1897 1046 1978 quidem

77 1983 135 2047 ista
158 1990 229 2044 sunt
252 1984 374 2064 iuquam
396 1983 548 2063 oblitaque
568 1983 740 2046 rhetoricae
761 2001 796 2050 ac
810 1985 942 2048 musicae
957 1983 1045 2046 melle
1071 2000 1084 2042 a

1 2077 7 2144 1,
78 2067 264 2136 dulcedinis;
287 2077 353 2130 tum
373 2075 500 2138 tantum,
523 2086 591 2136 cum
606 2069 779 2139 audiuntur,
797 2067 960 2133 obiectam.
994 2067 1047 2130 sed

1 2155 2 2232 f
76 2153 200 2214 miseris
220 2151 367 2216 maiorum
394 2153 482 2216 altior
511 2171 616 2216 sensus
646 2160 700 2214 ost.
747 2156 848 2234 itaque
876 2171 944 2214 cum
973 2152 1047 2218 haec

79 2237 207 2302 auribus
220 2239 360 2302 insonare
375 2238 530 2309 desierint,
555 2240 665 2300 insitus
679 2239 812 2302 animum
828 2255 946 2302 maeror
961 2253 1047 2314 prae·

1 2357 2 2389 2
79 2331 197 2401 grauat.
240 2323 279 2386 iit
300 2323 365 2384 iiia:
395 2322 438 2384 lta
461 2329 522 2394 est,
551 2325 660 2403 inquii.
702 2323 777 2386 haec
806 2324 887 2384 enim
914 2320 1047 2384 noudum

1 2401 3 2485 l
78 2407 181 2468 morhi
214 2409 258 2468 tui
290 2405 426 2470 remedia
459 2407 511 2468 sed
543 2407 641 2472 adhuc
674 2411 858 2470 contumacis
887 2407 1047 2471 aduersum
1062 2426 1086 2466 ιο

1 2489 2 2517 ³
78 2495 270 2555 curadonem
292 2491 406 2554 doloris
427 2492 561 2554 fomenta
582 2492 727 2573 quaedam
750 2500 828 2556 suut.
873 2491 949 2558 Nam
971 2510 1047 2572 quaa

1 2657 2 2664 ἵ
78 2578 112 2637 in
134 2577 315 2656 protundum
338 2595 404 2640 sese
426 2585 600 2654 penetrent,
624 2595 692 2639 cum
708 2580 922 2656 tempestiuum
944 2578 1046 2646 merit,

160 2781 176 2829 a
199 2778 359 2845 aauasaaeo
381 2781 416 2831 a.
441 2795 462 2834 a.
485 2795 521 2831 ex
543 2778 628 2830 cauas
649 2778 701 2830 aeo
727 2779 749 2830 r
824 2779 841 2829 s
864 2748 948 2830 serret
964 2795 1006 2843 pr.
1024 2793 1048 2828 ο.

81 2878 124 2940 Ti
141 2880 280 2944 querellas
300 2880 466 2948 Tquqreias
483 2881 513 2930 K
534 2880 663 2945 quercias
681 2880 707 2930 Ε
776 2881 807 2931 12
825 2852 905 2945 pertz
923 2897 964 2944 pr.
983 2878 1051 2930 oT

11 2961 16 2971 ¹
150 2949 181 2998 14
199 2947 276 3000 Alios
290 2946 334 3014 ωβ
438 2950 470 3000 17
487 2947 597 3014 Largus
614 2947 670 2998 ΤΚ
677 2945 708 3014 1β
724 2965 767 3014 pr.
794 2946 897 3012 Largis
910 2947 952 2998 E?

2 3059 3 3062 ’
80 3028 250 3120 18¹sit1r1i
323 3068 355 3116 19
379 3065 443 3118 diue
467 3067 552 3166 s’afst
574 3064 624 3132 (La
646 3065 808 3132 mccclii
831 3063 836 3131 Ι
860 3030 1047 3132 quistaatc.

2 3208 3 3230 Χ
98 3135 105 3154 ’
173 3136 207 3185 20
226 3133 332 3186 credite
349 3139 461 3200 gentem
482 3134 507 3184 Τ

148 3237 179 3288 Ρ.
197 3233 251 3300 ΠΙ]
287 3236 464 3302 dquqrclam
485 3237 509 3286 Τ
579 3237 666 3302 dego
683 3252 731 3289 cm.
751 3235 775 3284 E
848 3235 983 3288 hrethor.
1001 3233 1046 3299 rol

2 3297 4 3364 ἶ
94 3303 194 3356 silicae
216 3303 252 3354 Τι
276 3299 282 3369 Ι
304 3303 402 3354 mellea
420 3303 567 3355 dulcedine
585 3305 617 3354 oi.
640 3303 824 3369 Wakefieldiua
846 3304 883 3360 qd
899 3301 978 3354 [aar.
996 3302 1048 3355 111

2 3369 4 3394 Ι
102 3407 133 3456 48
183 3405 304 3456 iustior
320 3405 345 3455 Ε
360 3403 365 3471 Ι
381 3380 554 3459 contumacfi
567 3408 601 3456 cl.
614 3405 677 3457 cT
726 3407 756 3455 11
776 3404 947 3456 curationum
963 3404 987 3454 Τ
1002 3419 1050 3455 cu—

2 3465 5 3546 *·
102 3507 210 3557 ationem
227 3504 281 3571 (em
298 3509 326 3558 in
342 3507 409 3573 raa.)
429 3507 457 3559 K
471 3507 474 3574 Ι
490 3479 594 3561 doloris
608 3512 642 3560 al.
654 3524 677 3561 c.
693 3507 717 3558 Τ
736 3506 840 3572 dolores
853 3505 890 3572 (ii
904 3507 930 3556 in
942 3506 1008 3572 ras.)
1021 3507 1050 3558 K
