2458 3912
598 205 693 248 xx1111

614 467 669 534 III

238 655 349 723 LUPI
371 657 435 722 DE
456 655 629 722 METRIS
652 655 794 720 ΒΟΕΤΙ
816 653 1041 722 LIBELLUS

241 817 331 874 Codes
353 817 567 874 valentianensis
590 833 618 875 11.
643 815 704 874 288
733 813 763 886 (V
787 815 815 873 3.
842 813 871 886 5)
900 813 972 889 post
987 814 1071 871 libros
1094 815 1133 872 de

155 901 344 959 consolatione
372 900 452 958 habet
476 901 590 958 Genera
618 908 775 957 metrorum
803 905 832 958 in
860 901 933 958 libro
956 901 1052 958 Boetii
1072 917 1132 974 que

155 988 332 1045 Dominus
360 987 485 1058 Lupus
514 992 564 1042 ete.
597 994 678 1059 atquc
712 985 739 1040 iu
774 984 956 1042 Laurentiano
986 981 1030 1060 (ΙΙΙ
1065 985 1129 1042 166
1225 980 1226 983 ’

156 1071 221 1143 ΙΙΙΧ)
244 1089 267 1127 s.
290 1069 334 1126 Xll
357 1070 502 1126 Bandinius
525 1071 562 1127 eit
585 1067 670 1126 subici
691 1084 801 1144 peneru
824 1078 980 1128 metrorum
1009 1087 1026 1126 u
1056 1071 1131 1126 Do-

156 1161 251 1213 mino
273 1156 374 1228 Lupo
396 1159 426 1212 in
448 1157 542 1212 lucem
562 1157 718 1227 perducta,
753 1153 825 1211 ldem
849 1162 979 1211 tractatus
1002 1155 1030 1210 in
1054 1169 1127 1210 meo·

156 1257 216 1295 rum
240 1239 372 1295 librorum
393 1240 533 1315 plerisque
556 1247 612 1295 est:
635 1234 869 1312 nenitttsstpset
892 1240 918 1294 in
942 1240 983 1294 his
1006 1239 1128 1296 auctoris

156 1341 257 1380 nomen
273 1340 328 1381 uon
345 1326 437 1382 inueni
453 1340 542 1399 neque
559 1331 650 1380 extare
665 1322 733 1379 illud
748 1323 857 1381 uidetur
877 1325 904 1379 in
919 1318 949 1378 V‘
965 1323 1043 1380 Basil.
1064 1321 1127 1381 844

159 1408 356 1465 Valentianensi
386 1409 472 1466 altero
501 1427 528 1466 n.
551 1408 612 1466 393
636 1408 668 1480 (N
692 1408 720 1466 5.
747 1407 784 1481 1).
822 1407 859 1463 lin
888 1424 921 1464 eo
950 1408 1127 1482 depromptae

156 1501 219 1549 sunt
243 1496 390 1550 carminum
419 1495 545 1550 metricae
572 1493 765 1566 inscriptiones
790 1509 858 1567 quae
887 1501 951 1549 sunt
979 1494 1008 1548 in
1029 1485 1127 1566 864,βῖ

155 1579 283 1650 aliisque,
308 1593 430 1652 quaeque
452 1576 572 1652 Papias
595 1595 617 1633 s.
645 1594 672 1637 u.
699 1577 863 1635 Cur-minum
893 1581 1025 1634 uurietus
1048 1580 1131 1648 apud

156 1664 276 1718 boetium
298 1663 447 1736 congessit.

239 1763 300 1820 Non
333 1763 443 1821 dubium
477 1765 542 1839 quin
576 1772 671 1820 auctor
700 1763 783 1820 luerit
811 1763 982 1820 Seruatus
1012 1761 1129 1836 Lupus

156 1847 236 1904 abbas
259 1847 438 1905 Veneriensis
468 1848 531 1905 inde
559 1847 591 1903 ab
620 1864 642 1903 a.
667 1846 728 1904 842
755 1847 778 1918 Ι
801 1848 860 1907 861
893 1849 927 1905 de
957 1849 1033 1906 cuius
1056 1847 1128 1905 cele·

155 1931 247 1988 ltribus
282 1933 379 1988 studiis
408 1949 440 1990 ex
470 1932 594 2006 epistulis
623 1931 701 1987 editis
731 1951 746 1990 a
772 1933 881 1990 Baluzio
911 1935 974 1991 satis
1008 1939 1126 1988 constat.
1214 1979 1217 1986 .

155 2017 334 2090 Boetiumque
357 2018 494 2074 lectitasse
516 2015 592 2074 illum
615 2033 657 2090 ep.
681 2017 757 2073 XClll
781 2017 911 2090 ostendit,
934 2017 979 2074 ubi
999 2033 1035 2076 et.
1054 2017 1125 2073 Con·

155 2101 207 2156 sol.
229 2100 262 2158 ΙΙΙ
284 2101 320 2174 5,
344 2102 383 2160 39
407 2102 586 2176 proferuntur
607 2102 688 2158 haec:
711 2120 787 2178 queue
805 2105 898 2175 pestis
913 2105 952 2158 nd
965 2103 1126 2158 nocendum

156 2186 311 2259 efficacior
339 2201 402 2243 esse
426 2193 536 2260 potest,
567 2205 652 2260 qucum
679 2186 839 2260 fumiliu'ris
861 2189 1012 2244 inimicus?
1043 2186 1126 2258 'lopi-

155 2287 250 2328 corum
272 2274 438 2327 mentionem
460 2273 535 2328 inicit
563 2287 605 2345 ep.
629 2272 703 2344 XVl,
734 2273 766 2328 de
795 2273 964 2328 arithmetica
993 2270 1126 2326 librorum

155 2354 359 2412 emendatorum
382 2355 414 2410 ab
437 2356 575 2430 Adalgado
599 2373 640 2430 ep.
658 2355 720 2412 Vlll.
757 2356 834 2414 Boeti
857 2356 932 2413 libris
958 2358 986 2412 in
1009 2355 1127 2430 capitula

155 2441 289 2496 distinctis
311 2457 402 2494 nsum
431 2456 491 2496 esse
522 2456 582 2496 eum
611 2451 685 2515 patet
713 2458 745 2498 ex
768 2459 810 2516 ep.
833 2441 854 2496 V
878 2440 913 2516 [p.
938 2440 986 2496 21.
1012 2440 1060 2496 27.
1085 2437 1126 2498 34
1225 2474 1226 2501 ;

156 2525 198 2581 ed.
221 2525 310 2580 Baluz.
335 2543 357 2580 a.
384 2523 486 2596 1710).

241 2625 299 2695 Quo
316 2643 349 2683 ex
364 2627 441 2682 lonte
457 2628 595 2684 metricam
610 2627 758 2685 doctrinam
772 2625 819 2684 illc
841 2627 972 2699 hauserit,
996 2627 1127 2684 lectorem

155 2727 211 2767 non
226 2711 311 2783 celat,
334 2728 395 2766 nam
416 2715 578 2770 centimetri
598 2715 759 2769 auctoritate
783 2721 874 2770 tuetur
897 2712 971 2786 quod
995 2712 1076 2768 tradit
1091 2711 1125 2767 tle

155 2804 243 2853 metro
269 2795 348 2852 XVlll
392 2795 572 2870 Seruiumque
599 2797 692 2871 prodit
723 2799 872 2870 pindarici
896 2813 1012 2867 nomen,
1049 2795 1124 2870 quod

157 2890 244 2936 metro
267 2880 288 2934 V
311 2880 385 2952 (dim.
409 2879 500 2954 anap.)
523 2881 658 2955 inposuit:
682 2884 735 2940 hoe
757 2884 829 2940 enim
852 2899 908 2939 non
931 2883 984 2938 nisi
1007 2898 1040 2938 ex
1061 2897 1125 2937 cen·

157 2966 266 3020 timetro
289 2964 333 3019 llll
356 2963 374 3020 5
398 2975 494 3043 notum
518 2974 569 3022 est.

240 3065 361 3122 Aliorum
383 3067 495 3122 metrica
516 3067 606 3122 studia
627 3070 656 3124 in
671 3068 794 3125 Boetium
811 3068 918 3125 conlata
940 3077 1003 3125 ante
1025 3085 1047 3123 s.
1063 3065 1119 3122 XVl

154 3167 210 3206 non
233 3159 298 3207 nota
321 3158 514 3224 suntpraeter
541 3153 622 3207 unius
645 3152 781 3209 Nicolai
804 3153 944 3210 Perotti
974 3151 1005 3225 (i
1030 3150 1117 3222 1480]

154 3235 274 3292 libellum
297 3237 331 3292 de
352 3237 506 3310 penerilrus
527 3245 683 3294 metrorum
705 3239 809 3311 quibus
829 3239 973 3296 Horatius
995 3237 1121 3294 Flaccus

94 3331 101 3342 “
156 3329 183 3378 et
207 3321 366 3378 Seuerinus
388 3319 507 3379 Boetius
529 3327 575 3379 usi
595 3331 662 3380 sunt
690 3325 730 3379 ud
751 3325 866 3381 Helium
886 3323 1035 3381 Perottum
1054 3321 1122 3394 fru-

156 3413 228 3462 trem
251 3422 330 3478 quem
354 3414 381 3462 et
404 3407 447 3462 alii
470 3405 532 3462 libri
554 3415 582 3462 et
598 3406 815 3465 Vindobonensls
837 3426 864 3464 n.
881 3407 942 3466 372
965 3425 988 3465 s.
1012 3407 1055 3464 XV
1078 3421 1121 3465 ex-

155 3490 230 3547 hinet
252 3498 333 3564 atque
356 3489 460 3547 lloratii
484 3490 681 3565 exemplaribus
704 3493 807 3549 Aldinis
831 3493 975 3552 adiunctus
998 3500 1048 3548 est.
