<?xml version="1.0" encoding="UTF-8"?>
<!DOCTYPE html PUBLIC "-//W3C//DTD XHTML 1.0 Transitional//EN"
    "http://www.w3.org/TR/xhtml1/DTD/xhtml1-transitional.dtd">
<html xmlns="http://www.w3.org/1999/xhtml" xml:lang="en" lang="en">
 <head>
  <title>
</title>
<meta http-equiv="Content-Type" content="text/html;charset=utf-8" />
  <meta name='ocr-system' content='tesseract 3.04.00' />
  <meta name='ocr-capabilities' content='ocr_page ocr_carea ocr_par ocr_line ocrx_word'/>
</head>
<body>
  <div class='ocr_page' id='page_1' title='image "aniciimanliisev00peipgoog_0027.png"; bbox 0 0 2458 3912; ppageno 0'>
   <div class='ocr_carea' id='block_1_1' title="bbox 534 199 614 240">
    <p class='ocr_par' dir='ltr' id='par_1_1' title="bbox 534 199 614 240">
     <span class='ocr_line' id='line_1_1' title="bbox 534 199 614 240; baseline 0 0"><span class='ocrx_word' id='word_1_1' title='bbox 534 199 614 240; x_wconf 81' lang='lat' dir='ltr'>xxm</span> 
     </span>
    </p>
   </div>
   <div class='ocr_carea' id='block_1_2' title="bbox 79 353 1062 511">
    <p class='ocr_par' dir='ltr' id='par_1_2' title="bbox 1 327 1062 511">
     <span class='ocr_line' id='line_1_2' title="bbox 79 353 1061 429; baseline 0 -19"><span class='ocrx_word' id='word_1_2' title='bbox 79 353 229 410; x_wconf 89' lang='lat' dir='ltr'>stianae</span> <span class='ocrx_word' id='word_1_3' title='bbox 245 353 493 426; x_wconf 74' lang='lat' dir='ltr'>expositione,</span> <span class='ocrx_word' id='word_1_4' title='bbox 510 369 589 426; x_wconf 90' lang='lat' dir='ltr'>quam</span> <span class='ocrx_word' id='word_1_5' title='bbox 606 354 729 426; x_wconf 90' lang='lat' dir='ltr'>potuisse</span> <span class='ocrx_word' id='word_1_6' title='bbox 744 354 825 410; x_wconf 83' lang='lat' dir='ltr'><strong>scribi</strong></span> <span class='ocrx_word' id='word_1_7' title='bbox 841 354 949 412; x_wconf 89' lang='lat' dir='ltr'>saeculo</span> <span class='ocrx_word' id='word_1_8' title='bbox 965 356 1061 429; x_wconf 89' lang='lat' dir='ltr'>quinto</span> 
     </span>
     <span class='ocr_line' id='line_1_3' title="bbox 81 435 1062 511; baseline 0.001 -18"><span class='ocrx_word' id='word_1_9' title='bbox 81 438 133 494; x_wconf 89' lang='lat' dir='ltr'>ille</span> <span class='ocrx_word' id='word_1_10' title='bbox 156 435 283 492; x_wconf 81' lang='lat' dir='ltr'>arllrrmat</span> <span class='ocrx_word' id='word_1_11' title='bbox 304 437 342 511; x_wconf 90' lang='lat' dir='ltr'>(p.</span> <span class='ocrx_word' id='word_1_12' title='bbox 368 436 561 510; x_wconf 80' lang='lat'>159-170),</span> <span class='ocrx_word' id='word_1_13' title='bbox 586 453 674 511; x_wconf 90' lang='lat' dir='ltr'>neque</span> <span class='ocrx_word' id='word_1_14' title='bbox 703 437 736 494; x_wconf 91' lang='lat' dir='ltr'>de</span> <span class='ocrx_word' id='word_1_15' title='bbox 759 438 828 496; x_wconf 92' lang='lat' dir='ltr'>libro</span> <span class='ocrx_word' id='word_1_16' title='bbox 852 448 976 495; x_wconf 88' lang='lat' dir='ltr'>contra</span> <span class='ocrx_word' id='word_1_17' title='bbox 999 438 1062 494; x_wconf 79' lang='lat' dir='ltr'>liu·</span> 
     </span>
    </p>
   </div>
   <div class='ocr_carea' id='block_1_3' title="bbox 1 521 1060 595">
    <p class='ocr_par' dir='ltr' id='par_1_3' title="bbox 1 521 1060 595">
     <span class='ocr_line' id='line_1_4' title="bbox 1 521 1060 595; baseline 0 -17"><span class='ocrx_word' id='word_1_18' title='bbox 1 584 2 587; x_wconf 30' lang='lat'>,</span> <span class='ocrx_word' id='word_1_19' title='bbox 82 522 219 595; x_wconf 83' lang='lat' dir='ltr'>tycben</span> <span class='ocrx_word' id='word_1_20' title='bbox 249 531 284 578; x_wconf 87' lang='lat' dir='ltr'>et</span> <span class='ocrx_word' id='word_1_21' title='bbox 311 521 528 594; x_wconf 81' lang='lat' dir='ltr'><strong>Nestorium,</strong></span> <span class='ocrx_word' id='word_1_22' title='bbox 559 538 639 594; x_wconf 89' lang='lat' dir='ltr'>quem</span> <span class='ocrx_word' id='word_1_23' title='bbox 668 531 763 579; x_wconf 87' lang='lat' dir='ltr'>contra</span> <span class='ocrx_word' id='word_1_24' title='bbox 784 522 917 580; x_wconf 88' lang='lat' dir='ltr'>Vallinum</span> <span class='ocrx_word' id='word_1_25' title='bbox 945 525 1060 580; x_wconf 89' lang='lat' dir='ltr'>Baururu</span> 
     </span>
    </p>
   </div>
   <div class='ocr_carea' id='block_1_4' title="bbox 1 605 1062 1274">
    <p class='ocr_par' dir='ltr' id='par_1_4' title="bbox 1 605 1062 1274">
     <span class='ocr_line' id='line_1_5' title="bbox 1 605 1060 684; baseline 0 -22"><span class='ocrx_word' id='word_1_26' title='bbox 1 619 2 650; x_wconf 68' lang='lat'>1</span> <span class='ocrx_word' id='word_1_27' title='bbox 83 607 252 662; x_wconf 86' lang='lat' dir='ltr'>Suttnerunr</span> <span class='ocrx_word' id='word_1_28' title='bbox 282 621 338 664; x_wconf 90' lang='lat' dir='ltr'>non</span> <span class='ocrx_word' id='word_1_29' title='bbox 371 605 491 680; x_wconf 91' lang='lat' dir='ltr'>pendere</span> <span class='ocrx_word' id='word_1_30' title='bbox 524 623 556 664; x_wconf 79' lang='lat' dir='ltr'>ea</span> <span class='ocrx_word' id='word_1_31' title='bbox 590 606 635 662; x_wconf 94' lang='lat' dir='ltr'>illa</span> <span class='ocrx_word' id='word_1_32' title='bbox 664 607 837 669; x_wconf 86' lang='lat' dir='ltr'>orientalium</span> <span class='ocrx_word' id='word_1_33' title='bbox 870 611 1060 684; x_wconf 85' lang='lat' dir='ltr'>episcoporum</span> 
     </span>
     <span class='ocr_line' id='line_1_6' title="bbox 82 690 1060 766; baseline 0.001 -19"><span class='ocrx_word' id='word_1_34' title='bbox 82 690 210 764; x_wconf 78' lang='lat' dir='ltr'><strong>epistula</strong></span> <span class='ocrx_word' id='word_1_35' title='bbox 244 691 277 747; x_wconf 91' lang='lat' dir='ltr'>ad</span> <span class='ocrx_word' id='word_1_36' title='bbox 305 690 494 765; x_wconf 75' lang='lat' dir='ltr'><strong>Symmachum</strong></span> <span class='ocrx_word' id='word_1_37' title='bbox 523 707 617 766; x_wconf 88' lang='lat' dir='ltr'>papam</span> <span class='ocrx_word' id='word_1_38' title='bbox 647 708 668 747; x_wconf 91' lang='lat' dir='ltr'>a.</span> <span class='ocrx_word' id='word_1_39' title='bbox 702 691 762 748; x_wconf 82' lang='lat'>512</span> <span class='ocrx_word' id='word_1_40' title='bbox 793 693 854 748; x_wconf 88' lang='lat' dir='ltr'>data</span> <span class='ocrx_word' id='word_1_41' title='bbox 883 692 977 763; x_wconf 84' lang='lat' dir='ltr'>(blansi</span> <span class='ocrx_word' id='word_1_42' title='bbox 1007 692 1060 749; x_wconf 88' lang='lat' dir='ltr'>VIII</span> 
     </span>
     <span class='ocr_line' id='line_1_7' title="bbox 86 773 1060 850; baseline 0.001 -18"><span class='ocrx_word' id='word_1_43' title='bbox 86 773 283 847; x_wconf 75' lang='lat' dir='ltr'>nar-226),</span> <span class='ocrx_word' id='word_1_44' title='bbox 299 775 347 832; x_wconf 94' lang='lat' dir='ltr'>sed</span> <span class='ocrx_word' id='word_1_45' title='bbox 362 775 443 850; x_wconf 88' lang='lat' dir='ltr'>paulo</span> <span class='ocrx_word' id='word_1_46' title='bbox 459 783 523 850; x_wconf 93' lang='lat' dir='ltr'>post</span> <span class='ocrx_word' id='word_1_47' title='bbox 538 774 752 834; x_wconf 81' lang='lat' dir='ltr'>chalcedonense</span> <span class='ocrx_word' id='word_1_48' title='bbox 767 776 911 834; x_wconf 87' lang='lat' dir='ltr'>concilium</span> <span class='ocrx_word' id='word_1_49' title='bbox 926 795 949 840; x_wconf 86' lang='lat' dir='ltr'>a.</span> <span class='ocrx_word' id='word_1_50' title='bbox 966 773 1060 848; x_wconf 67' lang='lat' dir='ltr'>tw)</span> 
     </span>
     <span class='ocr_line' id='line_1_8' title="bbox 83 860 1060 938; baseline 0.001 -21"><span class='ocrx_word' id='word_1_51' title='bbox 83 860 225 933; x_wconf 87' lang='lat' dir='ltr'>scriptum</span> <span class='ocrx_word' id='word_1_52' title='bbox 247 877 307 916; x_wconf 87' lang='lat' dir='ltr'>esse</span> <span class='ocrx_word' id='word_1_53' title='bbox 330 861 443 917; x_wconf 88' lang='lat' dir='ltr'>euicisse</span> <span class='ocrx_word' id='word_1_54' title='bbox 471 861 537 919; x_wconf 90' lang='lat' dir='ltr'>mibi</span> <span class='ocrx_word' id='word_1_55' title='bbox 565 860 673 934; x_wconf 90' lang='lat' dir='ltr'>quidem</span> <span class='ocrx_word' id='word_1_56' title='bbox 702 861 826 932; x_wconf 89' lang='lat' dir='ltr'>uidetur;</span> <span class='ocrx_word' id='word_1_57' title='bbox 855 878 907 938; x_wconf 80' lang='lat' dir='ltr'>ego</span> <span class='ocrx_word' id='word_1_58' title='bbox 932 877 997 918; x_wconf 90' lang='lat' dir='ltr'>uero</span> <span class='ocrx_word' id='word_1_59' title='bbox 1027 862 1060 918; x_wconf 90' lang='lat' dir='ltr'>de</span> 
     </span>
     <span class='ocr_line' id='line_1_9' title="bbox 85 943 1057 1022; baseline -0.002 -21"><span class='ocrx_word' id='word_1_60' title='bbox 85 944 229 1019; x_wconf 84' lang='lat' dir='ltr'>prioribus</span> <span class='ocrx_word' id='word_1_61' title='bbox 253 944 339 1002; x_wconf 89' lang='lat' dir='ltr'>tribus</span> <span class='ocrx_word' id='word_1_62' title='bbox 361 943 436 1002; x_wconf 91' lang='lat' dir='ltr'>libris</span> <span class='ocrx_word' id='word_1_63' title='bbox 459 944 491 1000; x_wconf 93' lang='lat' dir='ltr'>ab</span> <span class='ocrx_word' id='word_1_64' title='bbox 519 944 592 1002; x_wconf 91' lang='lat' dir='ltr'>illius</span> <span class='ocrx_word' id='word_1_65' title='bbox 615 944 726 1002; x_wconf 88' lang='lat' dir='ltr'>arbitrio</span> <span class='ocrx_word' id='word_1_66' title='bbox 757 946 926 1022; x_wconf 81' lang='lat' dir='ltr'>longissume</span> <span class='ocrx_word' id='word_1_67' title='bbox 950 947 1057 1003; x_wconf 80' lang='lat' dir='ltr'><strong>recedo.</strong></span> 
     </span>
     <span class='ocr_line' id='line_1_10' title="bbox 84 1029 1059 1106; baseline 0.001 -20"><span class='ocrx_word' id='word_1_68' title='bbox 84 1031 161 1086; x_wconf 85' lang='lat' dir='ltr'>Sane</span> <span class='ocrx_word' id='word_1_69' title='bbox 185 1046 253 1103; x_wconf 90' lang='lat' dir='ltr'>quae</span> <span class='ocrx_word' id='word_1_70' title='bbox 275 1029 322 1087; x_wconf 89' lang='lat' dir='ltr'>ille</span> <span class='ocrx_word' id='word_1_71' title='bbox 337 1031 463 1103; x_wconf 79' lang='lat' dir='ltr'>exposuit</span> <span class='ocrx_word' id='word_1_72' title='bbox 485 1030 518 1086; x_wconf 91' lang='lat' dir='ltr'>de</span> <span class='ocrx_word' id='word_1_73' title='bbox 540 1031 627 1106; x_wconf 92' lang='lat' dir='ltr'>primo</span> <span class='ocrx_word' id='word_1_74' title='bbox 652 1038 767 1087; x_wconf 88' lang='lat' dir='ltr'>tractatu</span> <span class='ocrx_word' id='word_1_75' title='bbox 789 1049 816 1105; x_wconf 91' lang='lat' dir='ltr'>p.</span> <span class='ocrx_word' id='word_1_76' title='bbox 836 1031 895 1089; x_wconf 88' lang='grc'>109</span> <span class='ocrx_word' id='word_1_77' title='bbox 915 1031 975 1090; x_wconf 93' lang='grc'>110</span> <span class='ocrx_word' id='word_1_78' title='bbox 1000 1032 1059 1088; x_wconf 90' lang='grc'>111</span> 
     </span>
     <span class='ocr_line' id='line_1_11' title="bbox 88 1113 1062 1190; baseline -0.001 -18"><span class='ocrx_word' id='word_1_79' title='bbox 88 1113 152 1172; x_wconf 89' lang='grc'>113</span> <span class='ocrx_word' id='word_1_80' title='bbox 180 1115 239 1186; x_wconf 71' lang='grc'>116</span> <span class='ocrx_word' id='word_1_81' title='bbox 264 1115 342 1188; x_wconf 83' lang='grc'><strong>119,</strong></span> <span class='ocrx_word' id='word_1_82' title='bbox 370 1115 403 1171; x_wconf 90' lang='lat' dir='ltr'>de</span> <span class='ocrx_word' id='word_1_83' title='bbox 425 1114 511 1170; x_wconf 90' lang='lat' dir='ltr'>altero</span> <span class='ocrx_word' id='word_1_84' title='bbox 540 1132 567 1190; x_wconf 89' lang='lat' dir='ltr'>p.</span> <span class='ocrx_word' id='word_1_85' title='bbox 593 1113 664 1186; x_wconf 82' lang='lat'>126,</span> <span class='ocrx_word' id='word_1_86' title='bbox 693 1132 761 1190; x_wconf 91' lang='lat' dir='ltr'>quae</span> <span class='ocrx_word' id='word_1_87' title='bbox 784 1115 849 1172; x_wconf 90' lang='lat' dir='ltr'>uolo</span> <span class='ocrx_word' id='word_1_88' title='bbox 873 1116 1062 1185; x_wconf 81' lang='lat' dir='ltr'>transcribere,</span> 
     </span>
     <span class='ocr_line' id='line_1_12' title="bbox 86 1197 1060 1274; baseline -0.001 -18"><span class='ocrx_word' id='word_1_89' title='bbox 86 1200 135 1256; x_wconf 90' lang='lat' dir='ltr'>uel</span> <span class='ocrx_word' id='word_1_90' title='bbox 152 1201 268 1256; x_wconf 76' lang='lat' dir='ltr'>maxime</span> <span class='ocrx_word' id='word_1_91' title='bbox 289 1197 405 1274; x_wconf 90' lang='lat' dir='ltr'>probant</span> <span class='ocrx_word' id='word_1_92' title='bbox 428 1199 562 1272; x_wconf 82' lang='lat' dir='ltr'>alloetio,</span> <span class='ocrx_word' id='word_1_93' title='bbox 587 1200 695 1272; x_wconf 89' lang='lat' dir='ltr'>qualem</span> <span class='ocrx_word' id='word_1_94' title='bbox 717 1216 749 1256; x_wconf 80' lang='lat' dir='ltr'>ea</span> <span class='ocrx_word' id='word_1_95' title='bbox 764 1200 957 1257; x_wconf 79' lang='lat' dir='ltr'>Consolatione</span> <span class='ocrx_word' id='word_1_96' title='bbox 973 1209 1000 1257; x_wconf 91' lang='lat' dir='ltr'>et</span> <span class='ocrx_word' id='word_1_97' title='bbox 1017 1217 1060 1258; x_wconf 89' lang='lat' dir='ltr'>ce·</span> 
     </span>
    </p>
   </div>
   <div class='ocr_carea' id='block_1_5' title="bbox 1 1283 1061 1359">
    <p class='ocr_par' dir='ltr' id='par_1_5' title="bbox 1 1283 1061 1359">
     <span class='ocr_line' id='line_1_13' title="bbox 1 1283 1061 1359; baseline 0 -18"><span class='ocrx_word' id='word_1_98' title='bbox 1 1293 18 1304; x_wconf 58' lang='lat'>¹·</span> <span class='ocrx_word' id='word_1_99' title='bbox 88 1286 158 1341; x_wconf 91' lang='lat' dir='ltr'>teris</span> <span class='ocrx_word' id='word_1_100' title='bbox 187 1283 358 1357; x_wconf 85' lang='lat' dir='ltr'>philosophis</span> <span class='ocrx_word' id='word_1_101' title='bbox 392 1284 501 1358; x_wconf 87' lang='lat' dir='ltr'>scriptis</span> <span class='ocrx_word' id='word_1_102' title='bbox 529 1286 634 1358; x_wconf 79' lang='lat' dir='ltr'>experti</span> <span class='ocrx_word' id='word_1_103' title='bbox 663 1301 772 1356; x_wconf 89' lang='lat' dir='ltr'>sumus,</span> <span class='ocrx_word' id='word_1_104' title='bbox 802 1287 910 1342; x_wconf 89' lang='lat' dir='ltr'>minime</span> <span class='ocrx_word' id='word_1_105' title='bbox 938 1288 1061 1359; x_wconf 90' lang='lat' dir='ltr'>potuisse</span> 
     </span>
    </p>
   </div>
   <div class='ocr_carea' id='block_1_6' title="bbox 1 1367 1062 2968">
    <p class='ocr_par' dir='ltr' id='par_1_6' title="bbox 1 1367 1062 2970">
     <span class='ocr_line' id='line_1_14' title="bbox 86 1367 1061 1446; baseline -0.002 -20"><span class='ocrx_word' id='word_1_106' title='bbox 86 1367 182 1438; x_wconf 83' lang='lat' dir='ltr'>scribi,</span> <span class='ocrx_word' id='word_1_107' title='bbox 204 1385 266 1424; x_wconf 90' lang='lat' dir='ltr'>nam</span> <span class='ocrx_word' id='word_1_108' title='bbox 287 1380 474 1445; x_wconf 86' lang='lat' dir='ltr'>quaecumque</span> <span class='ocrx_word' id='word_1_109' title='bbox 495 1368 532 1424; x_wconf 87' lang='lat' dir='ltr'>ibi</span> <span class='ocrx_word' id='word_1_110' title='bbox 553 1370 693 1446; x_wconf 80' lang='lat' dir='ltr'>congessit</span> <span class='ocrx_word' id='word_1_111' title='bbox 713 1368 864 1426; x_wconf 88' lang='lat' dir='ltr'>Nitzscbius</span> <span class='ocrx_word' id='word_1_112' title='bbox 881 1369 1061 1426; x_wconf 83' lang='lat' dir='ltr'>exscribendi</span> 
     </span>
     <span class='ocr_line' id='line_1_15' title="bbox 86 1452 1061 1530; baseline -0.001 -21"><span class='ocrx_word' id='word_1_113' title='bbox 86 1455 197 1509; x_wconf 80' lang='lat' dir='ltr'>ratione</span> <span class='ocrx_word' id='word_1_114' title='bbox 213 1462 296 1526; x_wconf 89' lang='lat' dir='ltr'>atque</span> <span class='ocrx_word' id='word_1_115' title='bbox 311 1452 463 1510; x_wconf 90' lang='lat' dir='ltr'>eruditione</span> <span class='ocrx_word' id='word_1_116' title='bbox 479 1461 507 1510; x_wconf 90' lang='lat' dir='ltr'>ot</span> <span class='ocrx_word' id='word_1_117' title='bbox 520 1455 643 1530; x_wconf 81' lang='lat' dir='ltr'>ingenio,</span> <span class='ocrx_word' id='word_1_118' title='bbox 665 1455 746 1511; x_wconf 88' lang='lat' dir='ltr'>immo</span> <span class='ocrx_word' id='word_1_119' title='bbox 759 1471 792 1510; x_wconf 81' lang='lat' dir='ltr'>ex</span> <span class='ocrx_word' id='word_1_120' title='bbox 805 1452 926 1510; x_wconf 91' lang='lat' dir='ltr'>moribus</span> <span class='ocrx_word' id='word_1_121' title='bbox 943 1455 1061 1509; x_wconf 88' lang='lat' dir='ltr'>auctoris</span> 
     </span>
     <span class='ocr_line' id='line_1_16' title="bbox 88 1537 1062 1614; baseline -0.002 -20"><span class='ocrx_word' id='word_1_122' title='bbox 88 1540 186 1612; x_wconf 91' lang='lat' dir='ltr'>petita,</span> <span class='ocrx_word' id='word_1_123' title='bbox 208 1537 307 1595; x_wconf 89' lang='lat' dir='ltr'>indicia</span> <span class='ocrx_word' id='word_1_124' title='bbox 319 1546 384 1594; x_wconf 88' lang='lat' dir='ltr'>sunt</span> <span class='ocrx_word' id='word_1_125' title='bbox 398 1539 515 1594; x_wconf 90' lang='lat' dir='ltr'>hominis</span> <span class='ocrx_word' id='word_1_126' title='bbox 526 1554 582 1595; x_wconf 89' lang='lat' dir='ltr'>non</span> <span class='ocrx_word' id='word_1_127' title='bbox 594 1538 683 1596; x_wconf 92' lang='lat' dir='ltr'>solum</span> <span class='ocrx_word' id='word_1_128' title='bbox 694 1556 789 1614; x_wconf 89' lang='lat' dir='ltr'>parum</span> <span class='ocrx_word' id='word_1_129' title='bbox 802 1540 951 1610; x_wconf 86' lang='lat' dir='ltr'>exercitati,</span> <span class='ocrx_word' id='word_1_130' title='bbox 968 1554 1062 1594; x_wconf 88' lang='lat' dir='ltr'>uerum</span> 
     </span>
     <span class='ocr_line' id='line_1_17' title="bbox 1 1621 1062 1702; baseline -0.001 -24"><span class='ocrx_word' id='word_1_131' title='bbox 1 1697 2 1702; x_wconf 7' lang='grc' dir='ltr'>ἵ</span> <span class='ocrx_word' id='word_1_132' title='bbox 87 1623 273 1680; x_wconf 86' lang='lat' dir='ltr'>adolescentis</span> <span class='ocrx_word' id='word_1_133' title='bbox 297 1621 388 1695; x_wconf 89' lang='lat' dir='ltr'>(talem</span> <span class='ocrx_word' id='word_1_134' title='bbox 410 1622 531 1696; x_wconf 89' lang='lat' dir='ltr'>produnt</span> <span class='ocrx_word' id='word_1_135' title='bbox 559 1623 638 1681; x_wconf 88' lang='lat' dir='ltr'>etiam</span> <span class='ocrx_word' id='word_1_136' title='bbox 668 1641 736 1698; x_wconf 91' lang='lat' dir='ltr'>quae</span> <span class='ocrx_word' id='word_1_137' title='bbox 766 1642 792 1700; x_wconf 93' lang='lat' dir='ltr'>p.</span> <span class='ocrx_word' id='word_1_138' title='bbox 816 1623 858 1684; x_wconf 84' lang='lat'>80</span> <span class='ocrx_word' id='word_1_139' title='bbox 888 1625 992 1681; x_wconf 88' lang='lat' dir='ltr'>auctori</span> <span class='ocrx_word' id='word_1_140' title='bbox 1015 1622 1062 1678; x_wconf 92' lang='lat' dir='ltr'>ob-</span> 
     </span>
     <span class='ocr_line' id='line_1_18' title="bbox 1 1706 1061 1783; baseline -0.001 -19"><span class='ocrx_word' id='word_1_141' title='bbox 1 1707 2 1722; x_wconf 69' lang='lat'><em>³</em></span> <span class='ocrx_word' id='word_1_142' title='bbox 88 1707 181 1780; x_wconf 89' lang='lat' dir='ltr'>iecit),</span> <span class='ocrx_word' id='word_1_143' title='bbox 204 1706 253 1763; x_wconf 87' lang='lat' dir='ltr'>sed</span> <span class='ocrx_word' id='word_1_144' title='bbox 274 1724 331 1764; x_wconf 88' lang='lat' dir='ltr'>non</span> <span class='ocrx_word' id='word_1_145' title='bbox 353 1707 483 1764; x_wconf 86' lang='lat' dir='ltr'>mediocri</span> <span class='ocrx_word' id='word_1_146' title='bbox 505 1708 616 1783; x_wconf 78' lang='lat' dir='ltr'>ingenio</span> <span class='ocrx_word' id='word_1_147' title='bbox 638 1708 754 1781; x_wconf 90' lang='lat' dir='ltr'>praediti</span> <span class='ocrx_word' id='word_1_148' title='bbox 776 1708 956 1766; x_wconf 89' lang='lat' dir='ltr'>adolescentis</span> <span class='ocrx_word' id='word_1_149' title='bbox 979 1718 1061 1780; x_wconf 89' lang='lat' dir='ltr'>atque</span> 
     </span>
     <span class='ocr_line' id='line_1_19' title="bbox 87 1792 1061 1868; baseline -0.003 -19"><span class='ocrx_word' id='word_1_150' title='bbox 87 1811 123 1849; x_wconf 78' lang='lat' dir='ltr'>en</span> <span class='ocrx_word' id='word_1_151' title='bbox 147 1808 203 1866; x_wconf 93' lang='lat' dir='ltr'>quo</span> <span class='ocrx_word' id='word_1_152' title='bbox 229 1793 330 1847; x_wconf 91' lang='lat' dir='ltr'>maiora</span> <span class='ocrx_word' id='word_1_153' title='bbox 359 1801 387 1848; x_wconf 91' lang='lat' dir='ltr'>et</span> <span class='ocrx_word' id='word_1_154' title='bbox 414 1792 527 1850; x_wconf 83' lang='lat' dir='ltr'>meliora</span> <span class='ocrx_word' id='word_1_155' title='bbox 557 1795 660 1866; x_wconf 86' lang='lat' dir='ltr'>sperari</span> <span class='ocrx_word' id='word_1_156' title='bbox 688 1800 825 1868; x_wconf 89' lang='lat' dir='ltr'>poterant.</span> <span class='ocrx_word' id='word_1_157' title='bbox 862 1792 944 1848; x_wconf 91' lang='lat' dir='ltr'>talem</span> <span class='ocrx_word' id='word_1_158' title='bbox 973 1801 1061 1847; x_wconf 85' lang='lat' dir='ltr'>autern</span> 
     </span>
     <span class='ocr_line' id='line_1_20' title="bbox 88 1875 1062 1952; baseline -0.003 -18"><span class='ocrx_word' id='word_1_159' title='bbox 88 1877 199 1952; x_wconf 85' lang='lat' dir='ltr'>qualem</span> <span class='ocrx_word' id='word_1_160' title='bbox 228 1886 325 1934; x_wconf 88' lang='lat' dir='ltr'>auctor</span> <span class='ocrx_word' id='word_1_161' title='bbox 351 1879 380 1933; x_wconf 90' lang='lat' dir='ltr'>in</span> <span class='ocrx_word' id='word_1_162' title='bbox 408 1875 451 1936; x_wconf 85' lang='lat' dir='ltr'>bis</span> <span class='ocrx_word' id='word_1_163' title='bbox 481 1876 609 1950; x_wconf 91' lang='lat' dir='ltr'>operibus</span> <span class='ocrx_word' id='word_1_164' title='bbox 637 1894 667 1933; x_wconf 92' lang='lat' dir='ltr'>se</span> <span class='ocrx_word' id='word_1_165' title='bbox 695 1877 802 1951; x_wconf 81' lang='lat' dir='ltr'>prodit,</span> <span class='ocrx_word' id='word_1_166' title='bbox 832 1877 955 1934; x_wconf 87' lang='lat' dir='ltr'>Boetium</span> <span class='ocrx_word' id='word_1_167' title='bbox 978 1877 1062 1932; x_wconf 85' lang='lat' dir='ltr'>luisse</span> 
     </span>
     <span class='ocr_line' id='line_1_21' title="bbox 88 1960 1062 2036; baseline -0.002 -18"><span class='ocrx_word' id='word_1_168' title='bbox 88 1963 173 2033; x_wconf 90' lang='lat' dir='ltr'>olim,</span> <span class='ocrx_word' id='word_1_169' title='bbox 197 1961 427 2018; x_wconf 90' lang='lat' dir='ltr'>cumstudiornm</span> <span class='ocrx_word' id='word_1_170' title='bbox 450 1962 581 2036; x_wconf 81' lang='lat' dir='ltr'>primitias</span> <span class='ocrx_word' id='word_1_171' title='bbox 603 1963 755 2034; x_wconf 75' lang='lat' dir='ltr'>emitteret,</span> <span class='ocrx_word' id='word_1_172' title='bbox 785 1965 829 2019; x_wconf 92' lang='lat' dir='ltr'>cui</span> <span class='ocrx_word' id='word_1_173' title='bbox 852 1960 977 2018; x_wconf 90' lang='lat' dir='ltr'>uideatur</span> <span class='ocrx_word' id='word_1_174' title='bbox 999 1962 1062 2017; x_wconf 89' lang='lat' dir='ltr'>alie·</span> 
     </span>
     <span class='ocr_line' id='line_1_22' title="bbox 89 2045 1062 2121; baseline -0.004 -17"><span class='ocrx_word' id='word_1_175' title='bbox 89 2065 154 2104; x_wconf 91' lang='lat' dir='ltr'>num</span> <span class='ocrx_word' id='word_1_176' title='bbox 178 2045 193 2101; x_wconf 79' lang='grc'>1</span> <span class='ocrx_word' id='word_1_177' title='bbox 217 2047 305 2102; x_wconf 85' lang='lat' dir='ltr'>uero?</span> <span class='ocrx_word' id='word_1_178' title='bbox 326 2055 354 2102; x_wconf 92' lang='lat' dir='ltr'>et</span> <span class='ocrx_word' id='word_1_179' title='bbox 376 2047 437 2119; x_wconf 87' lang='lat' dir='ltr'>quis</span> <span class='ocrx_word' id='word_1_180' title='bbox 459 2048 572 2102; x_wconf 89' lang='lat' dir='ltr'>miretur</span> <span class='ocrx_word' id='word_1_181' title='bbox 594 2045 810 2118; x_wconf 84' lang='lat' dir='ltr'>adolescentem,</span> <span class='ocrx_word' id='word_1_182' title='bbox 834 2048 880 2121; x_wconf 89' lang='lat' dir='ltr'>qui</span> <span class='ocrx_word' id='word_1_183' title='bbox 902 2047 1062 2119; x_wconf 87' lang='lat' dir='ltr'>sumpsisset</span> 
     </span>
     <span class='ocr_line' id='line_1_23' title="bbox 89 2129 1062 2214; baseline -0.005 -26"><span class='ocrx_word' id='word_1_184' title='bbox 89 2133 240 2206; x_wconf 85' lang='lat' dir='ltr'>dignitates</span> <span class='ocrx_word' id='word_1_185' title='bbox 263 2129 373 2186; x_wconf 86' lang='lat' dir='ltr'>senibus</span> <span class='ocrx_word' id='word_1_186' title='bbox 402 2138 532 2214; x_wconf 77' lang='lat' dir='ltr'>negatas,</span> <span class='ocrx_word' id='word_1_187' title='bbox 563 2129 722 2204; x_wconf 83' lang='lat' dir='ltr'>Symmacho</span> <span class='ocrx_word' id='word_1_188' title='bbox 751 2140 833 2205; x_wconf 88' lang='lat' dir='ltr'>atque</span> <span class='ocrx_word' id='word_1_189' title='bbox 855 2130 973 2186; x_wconf 89' lang='lat' dir='ltr'>iohanne</span> <span class='ocrx_word' id='word_1_190' title='bbox 1002 2146 1062 2185; x_wconf 89' lang='lat' dir='ltr'>sua-</span> 
     </span>
     <span class='ocr_line' id='line_1_24' title="bbox 91 2215 1062 2290; baseline -0.006 -18"><span class='ocrx_word' id='word_1_191' title='bbox 91 2215 203 2274; x_wconf 90' lang='lat' dir='ltr'>soribus</span> <span class='ocrx_word' id='word_1_192' title='bbox 233 2216 259 2271; x_wconf 90' lang='lat' dir='ltr'>nl</span> <span class='ocrx_word' id='word_1_193' title='bbox 282 2215 363 2271; x_wconf 89' lang='lat' dir='ltr'>iallor</span> <span class='ocrx_word' id='word_1_194' title='bbox 384 2216 467 2288; x_wconf 82' lang='lat' dir='ltr'>(lrnnc</span> <span class='ocrx_word' id='word_1_195' title='bbox 488 2223 578 2273; x_wconf 90' lang='lat' dir='ltr'>autem</span> <span class='ocrx_word' id='word_1_196' title='bbox 594 2215 710 2272; x_wconf 87' lang='lat' dir='ltr'>eundem</span> <span class='ocrx_word' id='word_1_197' title='bbox 733 2231 793 2270; x_wconf 91' lang='lat' dir='ltr'>esse</span> <span class='ocrx_word' id='word_1_198' title='bbox 809 2216 855 2290; x_wconf 87' lang='lat' dir='ltr'>qui</span> <span class='ocrx_word' id='word_1_199' title='bbox 878 2221 973 2288; x_wconf 88' lang='lat' dir='ltr'>postea</span> <span class='ocrx_word' id='word_1_200' title='bbox 995 2231 1062 2287; x_wconf 89' lang='lat' dir='ltr'>papa</span> 
     </span>
     <span class='ocr_line' id='line_1_25' title="bbox 89 2297 1057 2372; baseline -0.004 -15"><span class='ocrx_word' id='word_1_201' title='bbox 89 2304 159 2372; x_wconf 88' lang='lat' dir='ltr'>l&#39;uit,</span> <span class='ocrx_word' id='word_1_202' title='bbox 182 2317 239 2358; x_wconf 90' lang='lat' dir='ltr'>non</span> <span class='ocrx_word' id='word_1_203' title='bbox 261 2302 366 2358; x_wconf 88' lang='lat' dir='ltr'>inanem</span> <span class='ocrx_word' id='word_1_204' title='bbox 400 2316 535 2358; x_wconf 88' lang='lat' dir='ltr'>rumorem</span> <span class='ocrx_word' id='word_1_205' title='bbox 564 2297 738 2370; x_wconf 77' lang='lat' dir='ltr'>crediderim)</span> <span class='ocrx_word' id='word_1_206' title='bbox 767 2299 800 2355; x_wconf 86' lang='lat' dir='ltr'>ad</span> <span class='ocrx_word' id='word_1_207' title='bbox 823 2298 990 2372; x_wconf 79' lang='lat' dir='ltr'>theologicas</span> <span class='ocrx_word' id='word_1_208' title='bbox 1014 2315 1057 2352; x_wconf 91' lang='lat' dir='ltr'>res</span> 
     </span>
     <span class='ocr_line' id='line_1_26' title="bbox 90 2385 1062 2459; baseline -0.006 -16"><span class='ocrx_word' id='word_1_209' title='bbox 90 2385 244 2443; x_wconf 86' lang='lat' dir='ltr'>tractandas</span> <span class='ocrx_word' id='word_1_210' title='bbox 267 2401 327 2441; x_wconf 88' lang='lat' dir='ltr'>sese</span> <span class='ocrx_word' id='word_1_211' title='bbox 343 2385 507 2459; x_wconf 88' lang='lat' dir='ltr'>applicasse,</span> <span class='ocrx_word' id='word_1_212' title='bbox 530 2400 644 2459; x_wconf 88' lang='lat' dir='ltr'>quarum</span> <span class='ocrx_word' id='word_1_213' title='bbox 667 2385 789 2458; x_wconf 85' lang='lat' dir='ltr'>cognitio</span> <span class='ocrx_word' id='word_1_214' title='bbox 812 2385 932 2440; x_wconf 89' lang='lat' dir='ltr'>senatori</span> <span class='ocrx_word' id='word_1_215' title='bbox 954 2391 1062 2458; x_wconf 87' lang='lat' dir='ltr'>poterat</span> 
     </span>
     <span class='ocr_line' id='line_1_27' title="bbox 90 2465 1061 2544; baseline -0.007 -17"><span class='ocrx_word' id='word_1_216' title='bbox 90 2472 207 2527; x_wconf 75' lang='lat' dir='ltr'>maxime</span> <span class='ocrx_word' id='word_1_217' title='bbox 226 2469 375 2543; x_wconf 82' lang='lat' dir='ltr'>prodesse,</span> <span class='ocrx_word' id='word_1_218' title='bbox 399 2468 539 2543; x_wconf 87' lang='lat' dir='ltr'>abreptum</span> <span class='ocrx_word' id='word_1_219' title='bbox 561 2476 650 2527; x_wconf 88' lang='lat' dir='ltr'>autem</span> <span class='ocrx_word' id='word_1_220' title='bbox 673 2465 748 2525; x_wconf 90' lang='lat' dir='ltr'>breui</span> <span class='ocrx_word' id='word_1_221' title='bbox 771 2469 942 2544; x_wconf 90' lang='lat' dir='ltr'>pbilosophis</span> <span class='ocrx_word' id='word_1_222' title='bbox 965 2467 1061 2524; x_wconf 91' lang='lat' dir='ltr'>studiis</span> 
     </span>
     <span class='ocr_line' id='line_1_28' title="bbox 90 2551 1062 2632; baseline -0.005 -21"><span class='ocrx_word' id='word_1_223' title='bbox 90 2557 158 2612; x_wconf 86' lang='lat' dir='ltr'>baec</span> <span class='ocrx_word' id='word_1_224' title='bbox 187 2553 285 2628; x_wconf 86' lang='lat' dir='ltr'>quibus</span> <span class='ocrx_word' id='word_1_225' title='bbox 314 2571 408 2632; x_wconf 85' lang='lat' dir='ltr'>parum</span> <span class='ocrx_word' id='word_1_226' title='bbox 441 2571 470 2610; x_wconf 92' lang='lat' dir='ltr'>se</span> <span class='ocrx_word' id='word_1_227' title='bbox 493 2554 605 2610; x_wconf 89' lang='lat' dir='ltr'>uidisset</span> <span class='ocrx_word' id='word_1_228' title='bbox 639 2563 731 2628; x_wconf 88' lang='lat' dir='ltr'>aptum</span> <span class='ocrx_word' id='word_1_229' title='bbox 767 2570 881 2628; x_wconf 91' lang='lat' dir='ltr'>prorsus</span> <span class='ocrx_word' id='word_1_230' title='bbox 915 2551 1062 2608; x_wconf 84' lang='lat' dir='ltr'>abiecisse?</span> 
     </span>
     <span class='ocr_line' id='line_1_29' title="bbox 90 2636 1061 2714; baseline -0.003 -19"><span class='ocrx_word' id='word_1_231' title='bbox 90 2641 126 2697; x_wconf 82' lang='lat' dir='ltr'>lle</span> <span class='ocrx_word' id='word_1_232' title='bbox 149 2639 233 2696; x_wconf 92' lang='lat' dir='ltr'>tertio</span> <span class='ocrx_word' id='word_1_233' title='bbox 256 2647 346 2694; x_wconf 87' lang='lat' dir='ltr'>autem</span> <span class='ocrx_word' id='word_1_234' title='bbox 365 2638 500 2714; x_wconf 86' lang='lat' dir='ltr'>&#39;opusculo</span> <span class='ocrx_word' id='word_1_235' title='bbox 530 2638 603 2712; x_wconf 90' lang='lat' dir='ltr'>quod</span> <span class='ocrx_word' id='word_1_236' title='bbox 631 2646 673 2694; x_wconf 90' lang='lat' dir='ltr'>est</span> <span class='ocrx_word' id='word_1_237' title='bbox 695 2637 734 2694; x_wconf 91' lang='lat' dir='ltr'>de</span> <span class='ocrx_word' id='word_1_238' title='bbox 756 2638 846 2694; x_wconf 91' lang='lat' dir='ltr'>bono</span> <span class='ocrx_word' id='word_1_239' title='bbox 876 2636 1061 2711; x_wconf 91' lang='lat' dir='ltr'>(quomodo</span> 
     </span>
     <span class='ocr_line' id='line_1_30' title="bbox 91 2719 1061 2796; baseline -0.005 -15"><span class='ocrx_word' id='word_1_240' title='bbox 91 2725 316 2781; x_wconf 87' lang='lat' dir='ltr'>substantiae</span> <span class='ocrx_word' id='word_1_241' title='bbox 346 2723 421 2795; x_wconf 88' lang='lat' dir='ltr'>etc.)</span> <span class='ocrx_word' id='word_1_242' title='bbox 455 2740 488 2780; x_wconf 94' lang='lat' dir='ltr'>ne</span> <span class='ocrx_word' id='word_1_243' title='bbox 517 2723 669 2780; x_wconf 86' lang='lat' dir='ltr'>Nitzscbius</span> <span class='ocrx_word' id='word_1_244' title='bbox 699 2722 806 2796; x_wconf 90' lang='lat' dir='ltr'>quidem</span> <span class='ocrx_word' id='word_1_245' title='bbox 837 2721 874 2795; x_wconf 90' lang='lat' dir='ltr'>(p.</span> <span class='ocrx_word' id='word_1_246' title='bbox 906 2719 946 2777; x_wconf 81' lang='lat'>24</span> <span class='ocrx_word' id='word_1_247' title='bbox 974 2738 1000 2775; x_wconf 89' lang='lat' dir='ltr'>u.</span> <span class='ocrx_word' id='word_1_248' title='bbox 1033 2719 1061 2791; x_wconf 88' lang='lat'>1)</span> 
     </span>
     <span class='ocr_line' id='line_1_31' title="bbox 90 2806 1062 2884; baseline -0.006 -18"><span class='ocrx_word' id='word_1_249' title='bbox 90 2825 180 2883; x_wconf 86' lang='lat' dir='ltr'>neque</span> <span class='ocrx_word' id='word_1_250' title='bbox 195 2808 328 2865; x_wconf 82' lang='lat' dir='ltr'>londanus</span> <span class='ocrx_word' id='word_1_251' title='bbox 351 2806 388 2884; x_wconf 87' lang='lat' dir='ltr'>(p.</span> <span class='ocrx_word' id='word_1_252' title='bbox 412 2808 462 2880; x_wconf 89' lang='lat'>11)</span> <span class='ocrx_word' id='word_1_253' title='bbox 484 2808 631 2883; x_wconf 86' lang='lat' dir='ltr'>quidquem</span> <span class='ocrx_word' id='word_1_254' title='bbox 653 2806 751 2864; x_wconf 89' lang='lat' dir='ltr'>habere</span> <span class='ocrx_word' id='word_1_255' title='bbox 773 2824 802 2863; x_wconf 92' lang='lat' dir='ltr'>se</span> <span class='ocrx_word' id='word_1_256' title='bbox 825 2806 954 2878; x_wconf 81' lang='lat' dir='ltr'>fatentur,</span> <span class='ocrx_word' id='word_1_257' title='bbox 979 2821 1062 2879; x_wconf 73' lang='lat' dir='ltr'>(parare</span> 
     </span>
     <span class='ocr_line' id='line_1_32' title="bbox 92 2886 859 2968; baseline -0.002 -18.206"><span class='ocrx_word' id='word_1_258' title='bbox 92 2911 147 2951; x_wconf 89' lang='lat' dir='ltr'>non</span> <span class='ocrx_word' id='word_1_259' title='bbox 169 2895 257 2967; x_wconf 86' lang='lat' dir='ltr'>possit</span> <span class='ocrx_word' id='word_1_260' title='bbox 279 2910 292 2948; x_wconf 89' lang='lat' dir='ltr'>a</span> <span class='ocrx_word' id='word_1_261' title='bbox 316 2893 410 2949; x_wconf 88' lang='lat' dir='ltr'>Boetlo</span> <span class='ocrx_word' id='word_1_262' title='bbox 433 2895 564 2968; x_wconf 91' lang='lat' dir='ltr'>scriptum</span> <span class='ocrx_word' id='word_1_263' title='bbox 587 2909 657 2949; x_wconf 89' lang='lat' dir='ltr'>esse.</span> <span class='ocrx_word' id='word_1_264' title='bbox 858 2886 859 2895; x_wconf 70' lang='grc'>’</span> 
     </span>
    </p>
   </div>
   <div class='ocr_carea' id='block_1_7' title="bbox 137 3123 1120 3468">
    <p class='ocr_par' dir='ltr' id='par_1_7' title="bbox 137 3123 1120 3468">
     <span class='ocr_line' id='line_1_33' title="bbox 159 3123 1061 3194; baseline -0.002 -18"><span class='ocrx_word' id='word_1_265' title='bbox 159 3124 184 3190; x_wconf 71' lang='lat' dir='ltr'>*l</span> <span class='ocrx_word' id='word_1_266' title='bbox 203 3127 307 3177; x_wconf 80' lang='lat' dir='ltr'>Leonis</span> <span class='ocrx_word' id='word_1_267' title='bbox 335 3124 484 3194; x_wconf 85' lang='lat' dir='ltr'>epistulam</span> <span class='ocrx_word' id='word_1_268' title='bbox 506 3126 542 3176; x_wconf 84' lang='lat' dir='ltr'>ad</span> <span class='ocrx_word' id='word_1_269' title='bbox 560 3125 727 3176; x_wconf 82' lang='lat' dir='ltr'>Flauianum</span> <span class='ocrx_word' id='word_1_270' title='bbox 746 3125 818 3176; x_wconf 83' lang='lat' dir='ltr'>Rota</span> <span class='ocrx_word' id='word_1_271' title='bbox 841 3123 993 3190; x_wconf 80' lang='lat' dir='ltr'>significari</span> <span class='ocrx_word' id='word_1_272' title='bbox 1018 3138 1061 3174; x_wconf 87' lang='lat' dir='ltr'>su·</span> 
     </span>
     <span class='ocr_line' id='line_1_34' title="bbox 144 3191 1063 3260; baseline -0.009 -12"><span class='ocrx_word' id='word_1_273' title='bbox 144 3200 220 3248; x_wconf 82' lang='lat' dir='ltr'>eatur</span> <span class='ocrx_word' id='word_1_274' title='bbox 238 3193 309 3244; x_wconf 87' lang='lat' dir='ltr'>libro</span> <span class='ocrx_word' id='word_1_275' title='bbox 334 3198 431 3244; x_wconf 88' lang='lat' dir='ltr'>contra</span> <span class='ocrx_word' id='word_1_276' title='bbox 449 3193 512 3247; x_wconf 86' lang='lat' dir='ltr'>Eut.</span> <span class='ocrx_word' id='word_1_277' title='bbox 534 3194 624 3260; x_wconf 79' lang='lat' dir='ltr'>praef.</span> <span class='ocrx_word' id='word_1_278' title='bbox 647 3195 671 3244; x_wconf 82' lang='grc'>6.</span> <span class='ocrx_word' id='word_1_279' title='bbox 707 3194 780 3260; x_wconf 90' lang='lat' dir='ltr'>quod</span> <span class='ocrx_word' id='word_1_280' title='bbox 802 3197 888 3258; x_wconf 84' lang='lat' dir='ltr'>negat</span> <span class='ocrx_word' id='word_1_281' title='bbox 906 3191 1063 3241; x_wconf 85' lang='lat' dir='ltr'>Nitzschius</span> 
     </span>
     <span class='ocr_line' id='line_1_35' title="bbox 144 3257 1061 3328; baseline -0.01 -13"><span class='ocrx_word' id='word_1_282' title='bbox 144 3262 229 3316; x_wconf 72' lang='lat' dir='ltr'>limile</span> <span class='ocrx_word' id='word_1_283' title='bbox 252 3275 319 3311; x_wconf 87' lang='lat' dir='ltr'>uero</span> <span class='ocrx_word' id='word_1_284' title='bbox 343 3275 414 3315; x_wconf 84' lang='lat' dir='ltr'>esse.</span> <span class='ocrx_word' id='word_1_285' title='bbox 454 3261 543 3327; x_wconf 83' lang='lat' dir='ltr'>Atque</span> <span class='ocrx_word' id='word_1_286' title='bbox 565 3261 650 3312; x_wconf 87' lang='lat' dir='ltr'>uerba</span> <span class='ocrx_word' id='word_1_287' title='bbox 678 3277 747 3328; x_wconf 87' lang='lat' dir='ltr'>quae</span> <span class='ocrx_word' id='word_1_288' title='bbox 771 3262 903 3328; x_wconf 83' lang='lat' dir='ltr'>leguntur</span> <span class='ocrx_word' id='word_1_289' title='bbox 925 3257 993 3308; x_wconf 89' lang='lat' dir='ltr'>ibid.</span> <span class='ocrx_word' id='word_1_290' title='bbox 1018 3259 1061 3307; x_wconf 85' lang='lat'>11:</span> 
     </span>
     <span class='ocr_line' id='line_1_36' title="bbox 137 3319 1120 3396; baseline -0.011 -12"><span class='ocrx_word' id='word_1_291' title='bbox 137 3350 161 3384; x_wconf 79' lang='lat' dir='ltr'>as</span> <span class='ocrx_word' id='word_1_292' title='bbox 180 3333 244 3382; x_wconf 83' lang='lat' dir='ltr'>dicti</span> <span class='ocrx_word' id='word_1_293' title='bbox 265 3332 379 3381; x_wconf 82' lang='lat' dir='ltr'>nouitate</span> <span class='ocrx_word' id='word_1_294' title='bbox 403 3344 543 3394; x_wconf 75' lang='lat' dir='ltr'>percussae</span> <span class='ocrx_word' id='word_1_295' title='bbox 570 3343 625 3379; x_wconf 87' lang='lat' dir='ltr'>non</span> <span class='ocrx_word' id='word_1_296' title='bbox 653 3327 700 3380; x_wconf 88' lang='lat' dir='ltr'>din</span> <span class='ocrx_word' id='word_1_297' title='bbox 730 3334 793 3396; x_wconf 86' lang='lat' dir='ltr'>post</span> <span class='ocrx_word' id='word_1_298' title='bbox 816 3328 885 3379; x_wconf 90' lang='lat' dir='ltr'>illud</span> <span class='ocrx_word' id='word_1_299' title='bbox 917 3324 1063 3377; x_wconf 85' lang='lat' dir='ltr'>concilium</span> <span class='ocrx_word' id='word_1_300' title='bbox 1114 3319 1120 3333; x_wconf 78' lang='lat'>⁸</span> 
     </span>
     <span class='ocr_line' id='line_1_37' title="bbox 141 3395 683 3468; baseline 0 -18"><span class='ocrx_word' id='word_1_301' title='bbox 141 3403 227 3468; x_wconf 87' lang='lat' dir='ltr'>iptnm</span> <span class='ocrx_word' id='word_1_302' title='bbox 245 3413 307 3450; x_wconf 84' lang='lat' dir='ltr'>esee</span> <span class='ocrx_word' id='word_1_303' title='bbox 326 3397 426 3450; x_wconf 88' lang='lat' dir='ltr'>librum</span> <span class='ocrx_word' id='word_1_304' title='bbox 444 3400 514 3450; x_wconf 83' lang='lat' dir='ltr'>eatis</span> <span class='ocrx_word' id='word_1_305' title='bbox 531 3395 683 3451; x_wconf 87' lang='lat' dir='ltr'>declarant.</span> 
     </span>
    </p>
   </div>
   <div class='ocr_carea' id='block_1_8' title="bbox 0 0 1244 3912">
    <p class='ocr_par' dir='ltr' id='par_1_8' title="bbox 0 0 1244 3912">
     <span class='ocr_line' id='line_1_38' title="bbox 0 0 1244 3912; baseline 0 0"><span class='ocrx_word' id='word_1_306' title='bbox 0 0 1244 3912; x_wconf 95' lang='lat' dir='ltr'> </span> 
     </span>
    </p>
   </div>
  </div>
 </body>
</html>
