2458 3912
572 219 626 260 XXd

194 374 319 430 Omnium
337 375 455 448 optimus
479 380 523 429 est
539 373 559 428 Τ
576 373 619 429 cui
636 372 799 447 ubicumque
823 371 880 430 deri
903 381 1010 446 poterat
1026 372 1073 429 ob·

148 467 261 515 secutus
285 475 360 529 sum3
383 461 410 515 iu
433 458 503 515 iibro
526 467 621 515 contra
643 457 705 516 Eut.
728 467 756 515 et
778 457 852 516 Nest.
877 456 896 512 E
919 447 1080 532 sequendus

150 552 228 615 erat,
251 543 296 600 ubi
320 545 377 601 eius
400 544 481 601 lectio
510 543 653 600 accedente
682 560 737 600 uno
760 560 792 600 eu
816 544 873 600 aliis
898 543 983 599 tribus
1006 540 1074 598 satis

149 627 307 686 confirmata
331 629 481 686 uidebatur.
499 645 551 703 qua
573 631 600 685 in
621 645 651 685 re
671 645 835 686 consensum
857 645 919 686 oum
934 628 952 684 C
969 629 1075 682 maximi

149 713 203 770 ieci
227 711 276 788 (EG
299 739 341 761 =
363 713 410 786 ot),
438 714 549 770 atterius
573 714 688 770 familiae
716 716 838 788 proprias
860 713 991 770 lectiones
1023 712 1074 786 (BA

148 823 193 846 =
220 797 256 872 ψ)
279 809 438 872 aspernatus
465 815 535 854 sum.
561 801 703 872 utriusque
726 798 839 855 familiae
862 813 1024 855 consensum
1047 813 1074 855 ω

148 885 229 940 litera
250 882 411 958 significaui.

10 984 13 990 ⁵
103 1005 133 1058 P
148 1003 221 1059 Raro
243 1001 385 1059 basiliense
408 1002 548 1059 chrici
569 1001 662 1059 Petri
686 1002 822 1076 exemplar
844 1018 866 1058 a.
894 1001 976 1059 1570
997 1016 1074 1056 cura·

44 1119 45 1124 .
150 1096 210 1143 tum
240 1088 304 1144 olim
338 1087 369 1144 ab
403 1087 436 1143 H.
460 1086 591 1144 Glareano
618 1087 744 1162 laudaui,
772 1086 845 1161 quod
874 1104 906 1144 eu
929 1085 1073 1142 deterioris

149 1175 259 1247 generis
282 1172 374 1230 codice
397 1182 549 1230 correctum
571 1172 690 1230 uidetur.
728 1179 822 1229 contra
846 1171 889 1227 ubi

101 1291 282 1347 VValiiui
305 1292 440 1367 exemplar
462 1309 477 1348 a
499 1291 574 1349 libris
597 1292 656 1348 siue
679 1294 744 1350 meis
772 1293 831 1348 siue
860 1291 1010 1350 uaiiiuianis
1032 1306 1075 1346 rc·

148 1375 277 1449 cedebat,
300 1377 374 1433 iilius
396 1377 542 1435 lectionem
564 1376 713 1450 subscripsi
736 1377 856 1448 exceptis
878 1375 960 1446 iocis,
984 1374 1029 1429 ubi
1048 1376 1075 1429 in

148 1460 209 1518 sola
232 1461 379 1518 uerborum
400 1462 588 1519 conlocatione
609 1461 759 1518 differentia
781 1462 870 1534 posita
892 1468 958 1515 crat.

147 1545 315 1603 consulendi
337 1555 450 1620 postero
474 1547 571 1604 editori
593 1553 701 1620 praeter
723 1546 791 1602 alios
814 1551 919 1602 restant
975 1622 978 1629 Ι

147 1629 343 1688 Vaticanus
367 1631 514 1688 Urbinas
544 1630 605 1689 532
628 1649 651 1688 s.
673 1630 695 1686 X
718 1631 777 1688 ioll.
802 1629 841 1688 35
865 1628 1075 1724 (AniciiMon-

145 1736 188 1789 tii.
217 1731 360 1791 Severini.
392 1733 507 1791 Boethii
528 1735 554 1790 i.
574 1727 598 1792 ὃ.
629 1741 656 1790 et
678 1729 727 1790 rie.
751 1747 790 1788 ecc
811 1735 920 1789 consui.
945 1733 1005 1788 ord.
1019 1749 1075 1802 po-

147 1821 235 1874 tricii.
259 1814 339 1890 incip
359 1820 432 1876 tiber
455 1828 559 1877 contra
572 1819 714 1890 eutychen
738 1826 765 1874 et
780 1821 945 1874 nestorium.
968 1816 993 1888 f.
1012 1809 1074 1872 33b

148 1902 285 1973 Explicit
313 1901 357 1960 tn*
387 1905 498 1961 boethii.
527 1907 555 1962 i.
581 1905 606 1959 i.
639 1911 742 1960 contro
765 1903 907 1976 eutychen
931 1909 958 1956 et
981 1907 1075 1956 necto-

148 1985 246 2061 rium.)
285 1988 341 2044 uid.
364 1987 567 2045 Reifferscheidi
589 1987 657 2044 bibi.
681 2005 726 2062 pp.
752 1987 779 2043 ii.
802 2005 828 2060 p.
853 1985 923 2044 592.

148 2071 339 2128 Berueusis
363 2071 423 2130 265
447 2074 506 2130 ioli.
537 2073 586 2132 68.
609 2091 630 2129 s.
654 2073 697 2129 Xt.
727 2073 910 2146 praetermisit
932 2086 993 2126 eum
1016 2068 1075 2124 Siu-

151 2171 247 2216 nerus.

149 2240 268 2297 Sancti
290 2241 380 2297 Galli
405 2260 430 2298 n.
457 2244 516 2302 768
540 2261 561 2300 s.
586 2243 629 2300 titt
652 2241 690 2316 (p.
715 2242 730 2297 1
761 2241 950 2313 iuuestigatam
973 2246 1024 2293 etc.
1048 2255 1074 2310 p.

149 2324 191 2382 59
220 2324 298 2381 Liber
326 2327 463 2400 quomodo
492 2329 598 2384 trinitas
627 2335 679 2384 etc.
704 2344 730 2400 p.
756 2325 795 2383 at
824 2323 955 2380 ariuersus
979 2321 1075 2377 Nesto-

149 2410 242 2482 rium).
280 2438 286 2450 ·
615 2453 616 2458 ,
702 2473 704 2476 ἢ

193 2494 253 2550 Hoc
274 2495 335 2551 loco
358 2499 449 2570 paucis
473 2496 637 2554 monendum
660 2504 702 2552 est
724 2497 757 2552 de
780 2498 874 2552 barum
898 2495 1075 2566 scriptionum

103 2587 220 2635 auctore
242 2580 285 2635 uei
315 2583 406 2654 potius
435 2583 600 2638 auctoribus.
642 2579 675 2636 Et
703 2580 805 2638 Boetio
834 2579 942 2652 quidem
972 2578 1074 2633 uetusti

103 2666 160 2720 mei
181 2662 244 2719 libri
265 2663 420 2723 adscribunt
442 2667 551 2723 disertis
574 2664 664 2722 uerbis
687 2665 697 2719 i
721 2673 749 2721 et
776 2666 797 2722 ii
820 2679 937 2738 quorum
960 2663 1075 2717 alterum

103 2749 248 2821 scripserit
271 2748 440 2822 Symmacho
469 2767 571 2808 socero
599 2747 706 2822 (ΤΕΒΑ)
734 2751 848 2806 aiterum
879 2747 990 2802 iohanni
1022 2745 1076 2800 dia·

104 2849 178 2889 cono
195 2828 328 2904 (TEAR²;
344 2837 513 2910 inscriptioni
536 2837 653 2909 spatium
668 2833 792 2891 relictum
815 2836 842 2889 in
865 2831 906 2904 B),
928 2831 1005 2887 Boeti
1027 2847 1076 2885 uo·

105 2933 168 2974 meu
192 2919 324 2974 reticetur
346 2927 407 2976 autc
429 2921 540 2978 tertium
562 2919 675 2991 tibrum,
699 2917 744 2974 ubi
767 2934 861 2976 omnes
890 2919 1014 2974 eiusdem
1037 2924 1076 2970 at·

71 3018 75 3025 ·
105 3017 160 3076 qne
184 3005 225 3058 od
245 3005 364 3060 eundern
386 3021 424 3062 sc.
446 3006 590 3062 Iohannem
613 3005 677 3076 (hoo
698 3005 724 3059 in
747 3003 767 3058 E
790 3004 919 3060 omissum
942 3001 1005 3070 est.)

192 3088 222 3142 In
245 3086 335 3145 iroute
358 3091 447 3164 quinti
470 3091 560 3164 operis
581 3119 624 3132 -
646 3088 719 3162 quod
742 3106 803 3146 eum
826 3099 922 3163 quarto
945 3085 1021 3140 abest
1043 3083 1076 3138 ab

152 3174 211 3228 imo
240 3201 279 3213 —
311 3172 371 3230 iibri
398 3177 438 3231 sic
460 3177 581 3247 arariam,
614 3182 643 3229 ut
672 3174 748 3231 boeti
778 3190 876 3230 nomen
904 3171 936 3227 ab
970 3170 1076 3244 origiue

156 3259 167 3313 i
202 3257 284 3313 titulo
317 3259 450 3319 adiectum
481 3261 564 3316 tuisse
593 3261 637 3314 uix
659 3257 709 3314 tibi
739 3259 916 3333 persuadeas:
951 3256 1075 3311 ciusdem

157 3345 241 3400 icitur
263 3345 290 3398 in
313 3341 343 3416 E,
367 3345 461 3402 Boetii
482 3343 641 3418 praeligitur
663 3341 700 3418 G,
724 3345 841 3400 auctoris
865 3340 968 3399 nullum
992 3339 1076 3394 uesti-

156 3445 180 3484 m
204 3427 376 3504 praetentet,
399 3429 479 3487 titulo
502 3427 563 3487 iibri
585 3430 685 3484 omisso
709 3431 819 3486 domino
842 3433 944 3484 sancto
967 3441 1004 3480 oc
1026 3437 1075 3479 ue-

156 3515 234 3571 ·obih'
251 3517 335 3586 patri
348 3515 476 3572 Iohanni
497 3517 620 3572 diacono
643 3514 800 3571 inscribitur
822 3510 883 3567 inB
906 3519 986 3584 atque
1008 3509 1076 3564 hoc:
