<?xml version="1.0" encoding="UTF-8"?>
<!DOCTYPE html PUBLIC "-//W3C//DTD XHTML 1.0 Transitional//EN"
    "http://www.w3.org/TR/xhtml1/DTD/xhtml1-transitional.dtd">
<html xmlns="http://www.w3.org/1999/xhtml" xml:lang="en" lang="en">
 <head>
  <title>
</title>
<meta http-equiv="Content-Type" content="text/html;charset=utf-8" />
  <meta name='ocr-system' content='tesseract 3.04.00' />
  <meta name='ocr-capabilities' content='ocr_page ocr_carea ocr_par ocr_line ocrx_word'/>
</head>
<body>
  <div class='ocr_page' id='page_1' title='image "aniciimanliisev00peipgoog_0126.png"; bbox 0 0 2388 3910; ppageno 0'>
   <div class='ocr_carea' id='block_1_1' title="bbox 177 181 799 252">
    <p class='ocr_par' dir='ltr' id='par_1_1' title="bbox 177 181 799 252">
     <span class='ocr_line' id='line_1_1' title="bbox 177 181 799 252; baseline -0.01 -14"><span class='ocrx_word' id='word_1_1' title='bbox 177 183 221 252; x_wconf 82' lang='lat'><strong>54</strong></span> <span class='ocrx_word' id='word_1_2' title='bbox 524 181 799 236; x_wconf 78' lang='lat' dir='ltr'><strong>rumosornmu</strong></span> 
     </span>
    </p>
   </div>
   <div class='ocr_carea' id='block_1_2' title="bbox 139 352 1172 1698">
    <p class='ocr_par' dir='ltr' id='par_1_2' title="bbox 178 352 1134 683">
     <span class='ocr_line' id='line_1_2' title="bbox 178 352 1132 433; baseline -0.01 -13"><span class='ocrx_word' id='word_1_3' title='bbox 178 358 321 420; x_wconf 87' lang='lat' dir='ltr'><strong>beeillum</strong></span> <span class='ocrx_word' id='word_1_4' title='bbox 343 375 377 418; x_wconf 88' lang='lat' dir='ltr'><strong>ae</strong></span> <span class='ocrx_word' id='word_1_5' title='bbox 401 358 466 418; x_wconf 89' lang='lat' dir='ltr'><strong>sine</strong></span> <span class='ocrx_word' id='word_1_6' title='bbox 489 355 605 417; x_wconf 89' lang='lat' dir='ltr'><strong>uiribus</strong></span> <span class='ocrx_word' id='word_1_7' title='bbox 629 353 847 416; x_wconf 89' lang='lat' dir='ltr'><strong>aestimandum</strong></span> <span class='ocrx_word' id='word_1_8' title='bbox 871 361 930 423; x_wconf 88' lang='lat' dir='ltr'><strong>est,</strong></span> <span class='ocrx_word' id='word_1_9' title='bbox 955 352 1033 433; x_wconf 88' lang='lat' dir='ltr'><strong>qued</strong></span> <span class='ocrx_word' id='word_1_10' title='bbox 1056 354 1132 412; x_wconf 89' lang='lat' dir='ltr'><strong>omni·</strong></span> 
     </span>
     <span class='ocr_line' id='line_1_3' title="bbox 178 437 1134 520; baseline -0.006 -16"><span class='ocrx_word' id='word_1_11' title='bbox 178 444 234 504; x_wconf 90' lang='lat' dir='ltr'><strong>bus</strong></span> <span class='ocrx_word' id='word_1_12' title='bbox 256 442 349 504; x_wconf 88' lang='lat' dir='ltr'><strong>rebus</strong></span> <span class='ocrx_word' id='word_1_13' title='bbox 372 449 488 504; x_wconf 84' lang='lat' dir='ltr'><strong>constat</strong></span> <span class='ocrx_word' id='word_1_14' title='bbox 510 459 576 503; x_wconf 88' lang='lat' dir='ltr'><strong>esse</strong></span> <span class='ocrx_word' id='word_1_15' title='bbox 593 440 815 520; x_wconf 76' lang='lat' dir='ltr'><strong>praestantius?</strong></span> <span class='ocrx_word' id='word_1_16' title='bbox 839 440 884 501; x_wconf 88' lang='lat' dir='ltr'><strong>lln</strong></span> <span class='ocrx_word' id='word_1_17' title='bbox 899 438 1047 501; x_wconf 84' lang='lat' dir='ltr'><strong>claritudo</strong></span> <span class='ocrx_word' id='word_1_18' title='bbox 1064 437 1134 499; x_wconf 87' lang='lat' dir='ltr'><strong>nihili</strong></span> 
     </span>
     <span class='ocr_line' id='line_1_4' title="bbox 178 523 1133 608; baseline -0.006 -19"><span class='ocrx_word' id='word_1_19' title='bbox 178 528 338 608; x_wconf 91' lang='lat' dir='ltr'><strong>pendenda</strong></span> <span class='ocrx_word' id='word_1_20' title='bbox 360 528 424 590; x_wconf 80' lang='lat' dir='ltr'><strong>esti</strong></span> <span class='ocrx_word' id='word_1_21' title='bbox 454 527 506 588; x_wconf 89' lang='lat' dir='ltr'><strong>sed</strong></span> <span class='ocrx_word' id='word_1_22' title='bbox 530 526 713 606; x_wconf 90' lang='lat' dir='ltr'><strong>sequestrari</strong></span> <span class='ocrx_word' id='word_1_23' title='bbox 734 527 853 606; x_wconf 89' lang='lat' dir='ltr'><strong>nequit,</strong></span> <span class='ocrx_word' id='word_1_24' title='bbox 877 526 951 605; x_wconf 90' lang='lat' dir='ltr'><strong>quin</strong></span> <span class='ocrx_word' id='word_1_25' title='bbox 967 541 1054 585; x_wconf 89' lang='lat' dir='ltr'><strong>omne</strong></span> <span class='ocrx_word' id='word_1_26' title='bbox 1069 523 1133 604; x_wconf 86' lang='lat' dir='ltr'><strong>qued</strong></span> 
     </span>
     <span class='ocr_line' id='line_1_5' title="bbox 179 610 1132 683; baseline -0.005 -8"><span class='ocrx_word' id='word_1_27' title='bbox 179 613 464 676; x_wconf 79' lang='lat' dir='ltr'><strong>excellentissimum</strong></span> <span class='ocrx_word' id='word_1_28' title='bbox 479 619 534 683; x_wconf 91' lang='lat' dir='ltr'><strong>est,</strong></span> <span class='ocrx_word' id='word_1_29' title='bbox 550 613 581 673; x_wconf 88' lang='lat' dir='ltr'><strong>id</strong></span> <span class='ocrx_word' id='word_1_30' title='bbox 598 614 688 673; x_wconf 87' lang='lat' dir='ltr'><strong>etiam</strong></span> <span class='ocrx_word' id='word_1_31' title='bbox 705 610 845 672; x_wconf 88' lang='lat' dir='ltr'><strong>uideatur</strong></span> <span class='ocrx_word' id='word_1_32' title='bbox 861 629 926 672; x_wconf 88' lang='lat' dir='ltr'><strong>esse</strong></span> <span class='ocrx_word' id='word_1_33' title='bbox 939 610 1132 672; x_wconf 83' lang='lat' dir='ltr'><strong>clarissimum.</strong></span> 
     </span>
    </p>

    <p class='ocr_par' dir='ltr' id='par_1_3' title="bbox 140 694 1172 1123">
     <span class='ocr_line' id='line_1_6' title="bbox 140 694 1133 777; baseline -0.006 -15"><span class='ocrx_word' id='word_1_34' title='bbox 140 710 166 754; x_wconf 76' lang='lat'><strong>⁶⁵</strong></span> <span class='ocrx_word' id='word_1_35' title='bbox 179 697 256 762; x_wconf 87' lang='lat' dir='ltr'><strong>Nam</strong></span> <span class='ocrx_word' id='word_1_36' title='bbox 278 717 338 760; x_wconf 90' lang='lat' dir='ltr'><strong>nen</strong></span> <span class='ocrx_word' id='word_1_37' title='bbox 353 716 420 761; x_wconf 88' lang='lat' dir='ltr'><strong>esse</strong></span> <span class='ocrx_word' id='word_1_38' title='bbox 437 699 553 759; x_wconf 79' lang='lat' dir='ltr'>anxiam</span> <span class='ocrx_word' id='word_1_39' title='bbox 571 699 748 777; x_wconf 75' lang='lat' dir='ltr'><strong>tristemque</strong></span> <span class='ocrx_word' id='word_1_40' title='bbox 767 696 984 758; x_wconf 83' lang='lat' dir='ltr'><strong>beatitudinem</strong></span> <span class='ocrx_word' id='word_1_41' title='bbox 999 713 1053 758; x_wconf 90' lang='lat' dir='ltr'><strong>nec</strong></span> <span class='ocrx_word' id='word_1_42' title='bbox 1067 694 1133 756; x_wconf 88' lang='lat' dir='ltr'><strong>dele·</strong></span> 
     </span>
     <span class='ocr_line' id='line_1_7' title="bbox 179 780 1134 865; baseline -0.005 -20"><span class='ocrx_word' id='word_1_43' title='bbox 179 783 266 848; x_wconf 89' lang='lat' dir='ltr'><strong>ribus</strong></span> <span class='ocrx_word' id='word_1_44' title='bbox 280 785 487 865; x_wconf 81' lang='lat' dir='ltr'><strong>molestiisque</strong></span> <span class='ocrx_word' id='word_1_45' title='bbox 503 784 669 845; x_wconf 83' lang='lat' dir='ltr'><strong>subiectam</strong></span> <span class='ocrx_word' id='word_1_46' title='bbox 692 782 762 862; x_wconf 94' lang='lat' dir='ltr'><strong>quid</strong></span> <span class='ocrx_word' id='word_1_47' title='bbox 785 783 893 844; x_wconf 88' lang='lat' dir='ltr'><strong>attinet</strong></span> <span class='ocrx_word' id='word_1_48' title='bbox 906 781 1019 852; x_wconf 85' lang='lat' dir='ltr'><strong>dicere,</strong></span> <span class='ocrx_word' id='word_1_49' title='bbox 1035 780 1134 863; x_wconf 83' lang='lat' dir='ltr'><strong>quanda</strong></span> 
     </span>
     <span class='ocr_line' id='line_1_8' title="bbox 179 866 1133 950; baseline -0.004 -20"><span class='ocrx_word' id='word_1_50' title='bbox 179 872 211 930; x_wconf 89' lang='lat' dir='ltr'><strong>in</strong></span> <span class='ocrx_word' id='word_1_51' title='bbox 238 872 375 933; x_wconf 90' lang='lat' dir='ltr'><strong>minimis</strong></span> <span class='ocrx_word' id='word_1_52' title='bbox 408 888 527 950; x_wconf 91' lang='lat' dir='ltr'><strong>quoque</strong></span> <span class='ocrx_word' id='word_1_53' title='bbox 557 868 649 931; x_wconf 88' lang='lat' dir='ltr'><strong>rebus</strong></span> <span class='ocrx_word' id='word_1_54' title='bbox 677 866 708 929; x_wconf 92' lang='lat' dir='ltr'><strong>id</strong></span> <span class='ocrx_word' id='word_1_55' title='bbox 737 869 904 948; x_wconf 86' lang='lat' dir='ltr'><strong>appetitur,</strong></span> <span class='ocrx_word' id='word_1_56' title='bbox 933 867 1012 949; x_wconf 89' lang='lat' dir='ltr'><strong>qued</strong></span> <span class='ocrx_word' id='word_1_57' title='bbox 1039 867 1133 929; x_wconf 89' lang='lat' dir='ltr'><strong>habere</strong></span> 
     </span>
     <span class='ocr_line' id='line_1_9' title="bbox 179 951 1133 1037; baseline -0.004 -21"><span class='ocrx_word' id='word_1_58' title='bbox 179 956 301 1037; x_wconf 82' lang='lat' dir='ltr'><strong>fruique</strong></span> <span class='ocrx_word' id='word_1_59' title='bbox 324 954 471 1017; x_wconf 82' lang='lat' dir='ltr'><strong>delectet?</strong></span> <span class='ocrx_word' id='word_1_60' title='bbox 515 956 606 1035; x_wconf 76' lang='lat' dir='ltr'><strong>Atqui</strong></span> <span class='ocrx_word' id='word_1_61' title='bbox 628 953 702 1015; x_wconf 89' lang='lat' dir='ltr'><strong>haee</strong></span> <span class='ocrx_word' id='word_1_62' title='bbox 725 961 795 1015; x_wconf 88' lang='lat' dir='ltr'><strong>sunt</strong></span> <span class='ocrx_word' id='word_1_63' title='bbox 809 972 885 1034; x_wconf 91' lang='lat' dir='ltr'><strong>quae</strong></span> <span class='ocrx_word' id='word_1_64' title='bbox 907 951 1035 1033; x_wconf 86' lang='lat' dir='ltr'><strong>adipisci</strong></span> <span class='ocrx_word' id='word_1_65' title='bbox 1055 953 1133 1014; x_wconf 87' lang='lat' dir='ltr'><strong>hemi-</strong></span> 
     </span>
     <span class='ocr_line' id='line_1_10' title="bbox 178 1038 1172 1123; baseline -0.003 -23"><span class='ocrx_word' id='word_1_66' title='bbox 178 1058 232 1101; x_wconf 89' lang='lat' dir='ltr'><strong>nes</strong></span> <span class='ocrx_word' id='word_1_67' title='bbox 260 1038 366 1101; x_wconf 88' lang='lat' dir='ltr'><strong>uolunt</strong></span> <span class='ocrx_word' id='word_1_68' title='bbox 394 1058 488 1120; x_wconf 90' lang='lat' dir='ltr'><strong>eaque</strong></span> <span class='ocrx_word' id='word_1_69' title='bbox 516 1040 553 1101; x_wconf 91' lang='lat' dir='ltr'><strong>de</strong></span> <span class='ocrx_word' id='word_1_70' title='bbox 587 1057 676 1102; x_wconf 88' lang='lat' dir='ltr'><strong>eausa</strong></span> <span class='ocrx_word' id='word_1_71' title='bbox 710 1039 832 1101; x_wconf 89' lang='lat' dir='ltr'><strong>diuitias</strong></span> <span class='ocrx_word' id='word_1_72' title='bbox 865 1040 1028 1120; x_wconf 81' lang='lat' dir='ltr'><strong>dignitates</strong></span> <span class='ocrx_word' id='word_1_73' title='bbox 1057 1056 1132 1118; x_wconf 87' lang='lat' dir='ltr'><strong>regna</strong></span> <span class='ocrx_word' id='word_1_74' title='bbox 1168 1114 1172 1123; x_wconf 43' lang='lat' dir='ltr'>J</span> 
     </span>
    </p>

    <p class='ocr_par' dir='ltr' id='par_1_4' title="bbox 140 1122 1172 1538">
     <span class='ocr_line' id='line_1_11' title="bbox 140 1122 1132 1206; baseline 0.003 -26"><span class='ocrx_word' id='word_1_75' title='bbox 140 1136 165 1180; x_wconf 84' lang='lat' dir='ltr'><strong>re</strong></span> <span class='ocrx_word' id='word_1_76' title='bbox 179 1125 305 1204; x_wconf 82' lang='lat' dir='ltr'><strong>gloriam</strong></span> <span class='ocrx_word' id='word_1_77' title='bbox 328 1124 556 1206; x_wconf 88' lang='lat' dir='ltr'><strong>uoluptatesque</strong></span> <span class='ocrx_word' id='word_1_78' title='bbox 584 1124 772 1195; x_wconf 89' lang='lat' dir='ltr'><strong>desiderant,</strong></span> <span class='ocrx_word' id='word_1_79' title='bbox 802 1125 882 1206; x_wconf 89' lang='lat' dir='ltr'><strong>qued</strong></span> <span class='ocrx_word' id='word_1_80' title='bbox 911 1143 968 1206; x_wconf 89' lang='lat' dir='ltr'><strong>per</strong></span> <span class='ocrx_word' id='word_1_81' title='bbox 990 1123 1061 1187; x_wconf 85' lang='lat' dir='ltr'><strong>haee</strong></span> <span class='ocrx_word' id='word_1_82' title='bbox 1085 1122 1132 1186; x_wconf 87' lang='lat' dir='ltr'><strong>sibl</strong></span> 
     </span>
     <span class='ocr_line' id='line_1_12' title="bbox 178 1209 1133 1291; baseline 0 -20"><span class='ocrx_word' id='word_1_83' title='bbox 178 1210 391 1272; x_wconf 81' lang='lat' dir='ltr'><strong>sufficientiam</strong></span> <span class='ocrx_word' id='word_1_84' title='bbox 414 1212 619 1274; x_wconf 85' lang='lat' dir='ltr'><strong>reuerentiam</strong></span> <span class='ocrx_word' id='word_1_85' title='bbox 642 1212 807 1291; x_wconf 89' lang='lat' dir='ltr'><strong>potentiam</strong></span> <span class='ocrx_word' id='word_1_86' title='bbox 836 1210 1044 1273; x_wconf 82' lang='lat' dir='ltr'><strong>celebritatem</strong></span> <span class='ocrx_word' id='word_1_87' title='bbox 1064 1209 1133 1272; x_wconf 88' lang='lat' dir='ltr'><strong>laeti-</strong></span> 
     </span>
     <span class='ocr_line' id='line_1_13' title="bbox 177 1294 1133 1376; baseline -0.002 -19"><span class='ocrx_word' id='word_1_88' title='bbox 177 1296 250 1359; x_wconf 90' lang='lat' dir='ltr'><strong>tiam</strong></span> <span class='ocrx_word' id='word_1_89' title='bbox 274 1296 402 1357; x_wconf 87' lang='lat' dir='ltr'><strong>eredunt</strong></span> <span class='ocrx_word' id='word_1_90' title='bbox 429 1314 494 1358; x_wconf 90' lang='lat' dir='ltr'><strong>esse</strong></span> <span class='ocrx_word' id='word_1_91' title='bbox 523 1304 690 1358; x_wconf 90' lang='lat' dir='ltr'><strong>uenturam.</strong></span> <span class='ocrx_word' id='word_1_92' title='bbox 736 1295 852 1358; x_wconf 74' lang='lat' dir='ltr'><strong>lienum</strong></span> <span class='ocrx_word' id='word_1_93' title='bbox 881 1303 927 1358; x_wconf 90' lang='lat' dir='ltr'><strong>est</strong></span> <span class='ocrx_word' id='word_1_94' title='bbox 953 1298 1045 1376; x_wconf 86' lang='lat' dir='ltr'><strong>igitur</strong></span> <span class='ocrx_word' id='word_1_95' title='bbox 1069 1294 1133 1376; x_wconf 86' lang='lat' dir='ltr'><strong>qued</strong></span> 
     </span>
     <span class='ocr_line' id='line_1_14' title="bbox 178 1381 1172 1463; baseline -0.003 -21"><span class='ocrx_word' id='word_1_96' title='bbox 178 1387 239 1443; x_wconf 94' lang='lat' dir='ltr'><strong>tam</strong></span> <span class='ocrx_word' id='word_1_97' title='bbox 261 1381 392 1444; x_wconf 89' lang='lat' dir='ltr'><strong>diuersis</strong></span> <span class='ocrx_word' id='word_1_98' title='bbox 415 1381 523 1444; x_wconf 90' lang='lat' dir='ltr'><strong>studiis</strong></span> <span class='ocrx_word' id='word_1_99' title='bbox 539 1382 676 1443; x_wconf 90' lang='lat' dir='ltr'><strong>hemines</strong></span> <span class='ocrx_word' id='word_1_100' title='bbox 699 1389 821 1461; x_wconf 90' lang='lat' dir='ltr'><strong>petunt:</strong></span> <span class='ocrx_word' id='word_1_101' title='bbox 844 1384 876 1446; x_wconf 91' lang='lat' dir='ltr'><strong>in</strong></span> <span class='ocrx_word' id='word_1_102' title='bbox 899 1400 958 1463; x_wconf 87' lang='lat' dir='ltr'><strong>que</strong></span> <span class='ocrx_word' id='word_1_103' title='bbox 982 1388 1085 1462; x_wconf 91' lang='lat' dir='ltr'><strong>quanta</strong></span> <span class='ocrx_word' id='word_1_104' title='bbox 1103 1381 1132 1440; x_wconf 89' lang='lat' dir='ltr'><strong>sil</strong></span> <span class='ocrx_word' id='word_1_105' title='bbox 1167 1389 1172 1397; x_wconf 90' lang='lat'>&#39;</span> 
     </span>
     <span class='ocr_line' id='line_1_15' title="bbox 177 1466 1132 1538; baseline -0.003 -10"><span class='ocrx_word' id='word_1_106' title='bbox 177 1474 303 1529; x_wconf 89' lang='lat' dir='ltr'><strong>naturae</strong></span> <span class='ocrx_word' id='word_1_107' title='bbox 326 1470 374 1529; x_wconf 90' lang='lat' dir='ltr'><strong>uis</strong></span> <span class='ocrx_word' id='word_1_108' title='bbox 396 1468 484 1528; x_wconf 87' lang='lat' dir='ltr'><strong>laeile</strong></span> <span class='ocrx_word' id='word_1_109' title='bbox 508 1475 705 1538; x_wconf 85' lang='lat' dir='ltr'><strong>monstratur,</strong></span> <span class='ocrx_word' id='word_1_110' title='bbox 736 1484 804 1528; x_wconf 91' lang='lat' dir='ltr'><strong>cum</strong></span> <span class='ocrx_word' id='word_1_111' title='bbox 831 1466 904 1528; x_wconf 89' lang='lat' dir='ltr'><strong>licet</strong></span> <span class='ocrx_word' id='word_1_112' title='bbox 932 1468 1034 1528; x_wconf 87' lang='lat' dir='ltr'><strong>uariae</strong></span> <span class='ocrx_word' id='word_1_113' title='bbox 1061 1466 1132 1526; x_wconf 88' lang='lat' dir='ltr'><strong>dissi-</strong></span> 
     </span>
    </p>

    <p class='ocr_par' dir='ltr' id='par_1_5' title="bbox 139 1549 1132 1698">
     <span class='ocr_line' id='line_1_16' title="bbox 139 1549 1132 1632; baseline -0.001 -20"><span class='ocrx_word' id='word_1_114' title='bbox 139 1551 343 1632; x_wconf 76' lang='lat' dir='ltr'><strong>utentesque</strong></span> <span class='ocrx_word' id='word_1_115' title='bbox 366 1553 535 1614; x_wconf 90' lang='lat' dir='ltr'><strong>sententiae</strong></span> <span class='ocrx_word' id='word_1_116' title='bbox 558 1560 658 1614; x_wconf 90' lang='lat' dir='ltr'><strong>tamen</strong></span> <span class='ocrx_word' id='word_1_117' title='bbox 681 1554 713 1615; x_wconf 92' lang='lat' dir='ltr'><strong>in</strong></span> <span class='ocrx_word' id='word_1_118' title='bbox 730 1551 881 1631; x_wconf 89' lang='lat' dir='ltr'><strong>diligende</strong></span> <span class='ocrx_word' id='word_1_119' title='bbox 904 1549 976 1614; x_wconf 89' lang='lat' dir='ltr'><strong>beni</strong></span> <span class='ocrx_word' id='word_1_120' title='bbox 998 1553 1054 1614; x_wconf 89' lang='lat' dir='ltr'><strong>line</strong></span> <span class='ocrx_word' id='word_1_121' title='bbox 1074 1569 1132 1612; x_wconf 87' lang='lat' dir='ltr'><strong>eon·</strong></span> 
     </span>
     <span class='ocr_line' id='line_1_17' title="bbox 176 1639 319 1698; baseline -0.014 0"><span class='ocrx_word' id='word_1_122' title='bbox 176 1639 319 1698; x_wconf 87' lang='lat' dir='ltr'><strong>sentiunt.</strong></span> 
     </span>
    </p>
   </div>
   <div class='ocr_carea' id='block_1_3' title="bbox 236 1787 893 2788">
    <p class='ocr_par' dir='ltr' id='par_1_6' title="bbox 236 1787 893 2788">
     <span class='ocr_line' id='line_1_18' title="bbox 236 1787 842 1860; baseline 0.002 -10"><span class='ocrx_word' id='word_1_123' title='bbox 236 1787 264 1850; x_wconf 95' lang='lat' dir='ltr'><strong>ll</strong></span> <span class='ocrx_word' id='word_1_124' title='bbox 307 1789 438 1860; x_wconf 84' lang='lat' dir='ltr'><strong>Quantas</strong></span> <span class='ocrx_word' id='word_1_125' title='bbox 460 1808 563 1853; x_wconf 87' lang='lat' dir='ltr'><strong>rerum</strong></span> <span class='ocrx_word' id='word_1_126' title='bbox 586 1791 686 1852; x_wconf 90' lang='lat' dir='ltr'><strong>lleetat</strong></span> <span class='ocrx_word' id='word_1_127' title='bbox 708 1789 842 1852; x_wconf 89' lang='lat' dir='ltr'><strong>habenas</strong></span> 
     </span>
     <span class='ocr_line' id='line_1_19' title="bbox 305 1873 889 1955; baseline -0.002 -19"><span class='ocrx_word' id='word_1_128' title='bbox 305 1873 418 1936; x_wconf 90' lang='lat' dir='ltr'><strong>Natura</strong></span> <span class='ocrx_word' id='word_1_129' title='bbox 441 1883 563 1953; x_wconf 85' lang='lat' dir='ltr'><strong>petens,</strong></span> <span class='ocrx_word' id='word_1_130' title='bbox 588 1875 698 1955; x_wconf 91' lang='lat' dir='ltr'><strong>quibus</strong></span> <span class='ocrx_word' id='word_1_131' title='bbox 720 1877 889 1937; x_wconf 90' lang='lat' dir='ltr'><strong>inmensum</strong></span> 
     </span>
     <span class='ocr_line' id='line_1_20' title="bbox 302 1959 834 2040; baseline 0.004 -21"><span class='ocrx_word' id='word_1_132' title='bbox 302 1959 433 2038; x_wconf 83' lang='lat' dir='ltr'><strong>Legibus</strong></span> <span class='ocrx_word' id='word_1_133' title='bbox 456 1960 561 2022; x_wconf 87' lang='lat' dir='ltr'><strong>orbem</strong></span> <span class='ocrx_word' id='word_1_134' title='bbox 582 1959 710 2040; x_wconf 88' lang='lat' dir='ltr'><strong>prouida</strong></span> <span class='ocrx_word' id='word_1_135' title='bbox 732 1968 834 2022; x_wconf 87' lang='lat' dir='ltr'><strong>seruet</strong></span> 
     </span>
     <span class='ocr_line' id='line_1_21' title="bbox 305 2044 805 2125; baseline 0 -19"><span class='ocrx_word' id='word_1_136' title='bbox 305 2044 497 2125; x_wconf 88' lang='lat' dir='ltr'><strong>Stringatque</strong></span> <span class='ocrx_word' id='word_1_137' title='bbox 520 2046 618 2125; x_wconf 90' lang='lat' dir='ltr'><strong>ligans</strong></span> <span class='ocrx_word' id='word_1_138' title='bbox 639 2045 805 2109; x_wconf 88' lang='lat' dir='ltr'><strong>inresoluto</strong></span> 
     </span>
     <span class='ocr_line' id='line_1_22' title="bbox 304 2129 795 2210; baseline -0.002 -18"><span class='ocrx_word' id='word_1_139' title='bbox 304 2129 426 2210; x_wconf 89' lang='lat' dir='ltr'><strong>Singula</strong></span> <span class='ocrx_word' id='word_1_140' title='bbox 450 2147 544 2202; x_wconf 86' lang='lat' dir='ltr'><strong>nexu,</strong></span> <span class='ocrx_word' id='word_1_141' title='bbox 567 2132 666 2210; x_wconf 86' lang='lat' dir='ltr'><strong>placet</strong></span> <span class='ocrx_word' id='word_1_142' title='bbox 688 2138 795 2210; x_wconf 85' lang='lat' dir='ltr'><strong>arguto</strong></span> 
     </span>
     <span class='ocr_line' id='line_1_23' title="bbox 303 2215 827 2295; baseline -0.004 -18"><span class='ocrx_word' id='word_1_143' title='bbox 303 2215 430 2278; x_wconf 86' lang='lat' dir='ltr'><strong>Fidibus</strong></span> <span class='ocrx_word' id='word_1_144' title='bbox 452 2216 543 2278; x_wconf 90' lang='lat' dir='ltr'><strong>lentis</strong></span> <span class='ocrx_word' id='word_1_145' title='bbox 565 2232 705 2295; x_wconf 88' lang='lat' dir='ltr'><strong>premere</strong></span> <span class='ocrx_word' id='word_1_146' title='bbox 729 2222 827 2278; x_wconf 83' lang='lat' dir='ltr'><strong>cantu.</strong></span> 
     </span>
     <span class='ocr_line' id='line_1_24' title="bbox 304 2298 835 2382; baseline 0 -20"><span class='ocrx_word' id='word_1_147' title='bbox 304 2298 450 2371; x_wconf 82' lang='lat' dir='ltr'><strong>Quamuis</strong></span> <span class='ocrx_word' id='word_1_148' title='bbox 471 2303 562 2380; x_wconf 89' lang='lat' dir='ltr'><strong>poeni</strong></span> <span class='ocrx_word' id='word_1_149' title='bbox 586 2302 711 2382; x_wconf 88' lang='lat' dir='ltr'><strong>pulchra</strong></span> <span class='ocrx_word' id='word_1_150' title='bbox 733 2299 835 2363; x_wconf 88' lang='lat' dir='ltr'><strong>leones</strong></span> 
     </span>
     <span class='ocr_line' id='line_1_25' title="bbox 302 2383 893 2466; baseline 0.005 -21"><span class='ocrx_word' id='word_1_151' title='bbox 302 2383 426 2448; x_wconf 79' lang='lat' dir='ltr'><strong>Vincula</strong></span> <span class='ocrx_word' id='word_1_152' title='bbox 449 2392 566 2462; x_wconf 85' lang='lat' dir='ltr'><strong>gestent</strong></span> <span class='ocrx_word' id='word_1_153' title='bbox 589 2385 786 2466; x_wconf 90' lang='lat' dir='ltr'><strong>manibusque</strong></span> <span class='ocrx_word' id='word_1_154' title='bbox 809 2385 893 2448; x_wconf 85' lang='lat' dir='ltr'><strong>datas</strong></span> 
     </span>
     <span class='ocr_line' id='line_1_26' title="bbox 303 2469 887 2551; baseline 0 -20"><span class='ocrx_word' id='word_1_155' title='bbox 303 2469 430 2549; x_wconf 85' lang='lat' dir='ltr'><strong>Captent</strong></span> <span class='ocrx_word' id='word_1_156' title='bbox 452 2487 534 2531; x_wconf 89' lang='lat' dir='ltr'><strong>escas</strong></span> <span class='ocrx_word' id='word_1_157' title='bbox 556 2480 749 2551; x_wconf 88' lang='lat' dir='ltr'><strong>metuantque</strong></span> <span class='ocrx_word' id='word_1_158' title='bbox 772 2478 887 2532; x_wconf 87' lang='lat' dir='ltr'><strong>trucem</strong></span> 
     </span>
     <span class='ocr_line' id='line_1_27' title="bbox 302 2553 858 2634; baseline 0.004 -20"><span class='ocrx_word' id='word_1_159' title='bbox 302 2553 390 2615; x_wconf 86' lang='lat' dir='ltr'><strong>Soliti</strong></span> <span class='ocrx_word' id='word_1_160' title='bbox 412 2553 540 2616; x_wconf 89' lang='lat' dir='ltr'><strong>uerbera</strong></span> <span class='ocrx_word' id='word_1_161' title='bbox 564 2555 644 2617; x_wconf 86' lang='lat' dir='ltr'><strong>lerre</strong></span> <span class='ocrx_word' id='word_1_162' title='bbox 667 2559 858 2634; x_wconf 86' lang='lat' dir='ltr'><strong>magistrum:</strong></span> 
     </span>
     <span class='ocr_line' id='line_1_28' title="bbox 303 2638 832 2710; baseline 0.004 -10"><span class='ocrx_word' id='word_1_163' title='bbox 303 2638 335 2700; x_wconf 88' lang='lat' dir='ltr'><strong>Si</strong></span> <span class='ocrx_word' id='word_1_164' title='bbox 358 2657 448 2700; x_wconf 89' lang='lat' dir='ltr'><strong>eruor</strong></span> <span class='ocrx_word' id='word_1_165' title='bbox 471 2638 595 2702; x_wconf 89' lang='lat' dir='ltr'><strong>horrida</strong></span> <span class='ocrx_word' id='word_1_166' title='bbox 618 2643 742 2703; x_wconf 84' lang='lat' dir='ltr'><strong>tinxerit</strong></span> <span class='ocrx_word' id='word_1_167' title='bbox 764 2660 832 2710; x_wconf 90' lang='lat' dir='ltr'><strong>era,</strong></span> 
     </span>
     <span class='ocr_line' id='line_1_29' title="bbox 302 2724 788 2788; baseline 0.004 -2"><span class='ocrx_word' id='word_1_168' title='bbox 302 2724 427 2786; x_wconf 87' lang='lat' dir='ltr'><strong>Resides</strong></span> <span class='ocrx_word' id='word_1_169' title='bbox 450 2724 521 2786; x_wconf 90' lang='lat' dir='ltr'><strong>elim</strong></span> <span class='ocrx_word' id='word_1_170' title='bbox 544 2725 674 2788; x_wconf 86' lang='lat' dir='ltr'><strong>redeunt</strong></span> <span class='ocrx_word' id='word_1_171' title='bbox 696 2728 788 2788; x_wconf 92' lang='lat' dir='ltr'><strong>animi</strong></span> 
     </span>
    </p>
   </div>
   <div class='ocr_carea' id='block_1_4' title="bbox 175 2974 1135 3184">
    <p class='ocr_par' dir='ltr' id='par_1_7' title="bbox 175 2974 1135 3184">
     <span class='ocr_line' id='line_1_30' title="bbox 244 2974 1134 3042; baseline -0.002 -14"><span class='ocrx_word' id='word_1_172' title='bbox 244 2977 277 3028; x_wconf 83' lang='grc'><strong>63</strong></span> <span class='ocrx_word' id='word_1_173' title='bbox 295 2975 350 3029; x_wconf 83' lang='lat' dir='ltr'><strong>Sed</strong></span> <span class='ocrx_word' id='word_1_174' title='bbox 368 2979 455 3032; x_wconf 79' lang='lat' dir='ltr'><strong>emA</strong></span> <span class='ocrx_word' id='word_1_175' title='bbox 514 2980 547 3029; x_wconf 84' lang='grc'><strong>64</strong></span> <span class='ocrx_word' id='word_1_176' title='bbox 565 2979 652 3030; x_wconf 83' lang='lat' dir='ltr'><strong>eltT</strong></span> <span class='ocrx_word' id='word_1_177' title='bbox 665 2978 701 3030; x_wconf 81' lang='lat' dir='ltr'><strong>fit</strong></span> <span class='ocrx_word' id='word_1_178' title='bbox 717 2974 963 3042; x_wconf 58' lang='lat' dir='ltr'><strong>DEKlEeiseAE</strong></span> <span class='ocrx_word' id='word_1_179' title='bbox 1020 2980 1053 3031; x_wconf 84' lang='grc'><strong>66</strong></span> <span class='ocrx_word' id='word_1_180' title='bbox 1069 2975 1134 3030; x_wconf 80' lang='lat' dir='ltr'><strong>uerba</strong></span> 
     </span>
     <span class='ocr_line' id='line_1_31' title="bbox 176 3043 1072 3112; baseline 0.004 -18"><span class='ocrx_word' id='word_1_181' title='bbox 176 3043 243 3110; x_wconf 89' lang='lat' dir='ltr'><strong>quid</strong></span> <span class='ocrx_word' id='word_1_182' title='bbox 261 3048 314 3096; x_wconf 83' lang='lat' dir='ltr'><strong>att.</strong></span> <span class='ocrx_word' id='word_1_183' title='bbox 334 3043 388 3098; x_wconf 86' lang='lat' dir='ltr'><strong>die.</strong></span> <span class='ocrx_word' id='word_1_184' title='bbox 408 3045 563 3112; x_wconf 80' lang='lat' dir='ltr'><strong>disseripla</strong></span> <span class='ocrx_word' id='word_1_185' title='bbox 581 3047 606 3096; x_wconf 85' lang='grc' dir='ltr'><strong>Ι)</strong></span> <span class='ocrx_word' id='word_1_186' title='bbox 686 3049 720 3098; x_wconf 79' lang='grc'><strong>67</strong></span> <span class='ocrx_word' id='word_1_187' title='bbox 737 3047 823 3099; x_wconf 85' lang='lat' dir='ltr'><strong>habre</strong></span> <span class='ocrx_word' id='word_1_188' title='bbox 841 3046 884 3099; x_wconf 82' lang='lat' dir='ltr'><strong>K¹</strong></span> <span class='ocrx_word' id='word_1_189' title='bbox 914 3047 1013 3099; x_wconf 84' lang='lat' dir='ltr'><strong>baberi</strong></span> <span class='ocrx_word' id='word_1_190' title='bbox 1029 3045 1072 3098; x_wconf 71' lang='lat' dir='ltr'><strong>Ka</strong></span> 
     </span>
     <span class='ocr_line' id='line_1_32' title="bbox 175 3110 1135 3184; baseline 0.002 -18"><span class='ocrx_word' id='word_1_191' title='bbox 175 3113 209 3176; x_wconf 78' lang='grc'><strong>68</strong></span> <span class='ocrx_word' id='word_1_192' title='bbox 228 3111 353 3164; x_wconf 83' lang='lat' dir='ltr'><strong>delectet</strong></span> <span class='ocrx_word' id='word_1_193' title='bbox 369 3110 415 3177; x_wconf 82' lang='lat' dir='ltr'><strong>El</strong></span> <span class='ocrx_word' id='word_1_194' title='bbox 435 3112 572 3180; x_wconf 87' lang='lat' dir='ltr'><strong>hemines]</strong></span> <span class='ocrx_word' id='word_1_195' title='bbox 593 3117 650 3166; x_wconf 71' lang='lat' dir='ltr'><strong>ems</strong></span> <span class='ocrx_word' id='word_1_196' title='bbox 669 3115 698 3165; x_wconf 84' lang='lat' dir='ltr'><em>K</em></span> <span class='ocrx_word' id='word_1_197' title='bbox 773 3116 803 3166; x_wconf 81' lang='lat' dir='ltr'><strong>tt</strong></span> <span class='ocrx_word' id='word_1_198' title='bbox 823 3115 1003 3184; x_wconf 73' lang='lat' dir='ltr'><strong>letitiamque</strong></span> <span class='ocrx_word' id='word_1_199' title='bbox 1020 3117 1049 3168; x_wconf 88' lang='lat' dir='ltr'><em>K</em></span> <span class='ocrx_word' id='word_1_200' title='bbox 1110 3110 1135 3159; x_wconf 76' lang='grc' dir='ltr'><strong>’ἰ</strong></span> 
     </span>
    </p>
   </div>
   <div class='ocr_carea' id='block_1_5' title="bbox 173 3191 865 3284">
    <p class='ocr_par' dir='ltr' id='par_1_8' title="bbox 173 3191 865 3284">
     <span class='ocr_line' id='line_1_33' title="bbox 173 3191 865 3284; baseline 0.006 -18"><span class='ocrx_word' id='word_1_201' title='bbox 173 3222 274 3267; x_wconf 81' lang='lat' dir='ltr'><strong>nature</strong></span> <span class='ocrx_word' id='word_1_202' title='bbox 296 3213 320 3264; x_wconf 82' lang='lat' dir='ltr'><em>T</em></span> <span class='ocrx_word' id='word_1_203' title='bbox 387 3214 420 3266; x_wconf 77' lang='lat' dir='ltr'><strong>&#39;lb</strong></span> <span class='ocrx_word' id='word_1_204' title='bbox 439 3215 583 3282; x_wconf 83' lang='lat' dir='ltr'><strong>diligende</strong></span> <span class='ocrx_word' id='word_1_205' title='bbox 602 3233 624 3267; x_wconf 86' lang='grc' dir='ltr'><strong><em>ω</em></strong></span> <span class='ocrx_word' id='word_1_206' title='bbox 639 3215 643 3282; x_wconf 88' lang='grc' dir='ltr'>Ι</span> <span class='ocrx_word' id='word_1_207' title='bbox 659 3191 821 3284; x_wconf 57' lang='grc' dir='ltr'><strong>οοηῐθηιιιιῗῐ</strong></span> <span class='ocrx_word' id='word_1_208' title='bbox 840 3219 865 3270; x_wconf 84' lang='grc' dir='ltr'><em>Τ</em></span> 
     </span>
    </p>
   </div>
   <div class='ocr_carea' id='block_1_6' title="bbox 173 3311 1135 3456">
    <p class='ocr_par' dir='ltr' id='par_1_9' title="bbox 173 3311 1135 3456">
     <span class='ocr_line' id='line_1_34' title="bbox 242 3311 1071 3388; baseline 0.007 -21"><span class='ocrx_word' id='word_1_209' title='bbox 242 3311 547 3384; x_wconf 74' lang='lat' dir='ltr'><strong>0.11]1fleetitp²</strong></span> <span class='ocrx_word' id='word_1_210' title='bbox 631 3318 813 3388; x_wconf 66' lang='lat' dir='ltr'><strong>iinmeeli1</strong></span> <span class='ocrx_word' id='word_1_211' title='bbox 898 3319 1071 3388; x_wconf 65' lang='lat' dir='ltr'><strong>dimetati</strong></span> 
     </span>
     <span class='ocr_line' id='line_1_35' title="bbox 173 3383 1135 3456; baseline 0.002 -20"><span class='ocrx_word' id='word_1_212' title='bbox 173 3383 346 3448; x_wconf 79' lang='lat' dir='ltr'><strong>lpulereld</strong></span> <span class='ocrx_word' id='word_1_213' title='bbox 431 3385 616 3452; x_wconf 71' lang='lat' dir='ltr'><strong>egestanae</strong></span> <span class='ocrx_word' id='word_1_214' title='bbox 638 3388 642 3451; x_wconf 91' lang='grc' dir='ltr'>Ι</span> <span class='ocrx_word' id='word_1_215' title='bbox 662 3386 792 3439; x_wconf 84' lang='lat' dir='ltr'><strong>detilE¹</strong></span> <span class='ocrx_word' id='word_1_216' title='bbox 878 3385 1012 3441; x_wconf 70' lang='lat' dir='ltr'><strong>deeleal&#39;</strong></span> <span class='ocrx_word' id='word_1_217' title='bbox 1030 3387 1135 3456; x_wconf 45' lang='lat' dir='ltr'><strong>Tin*</strong></span> 
     </span>
    </p>
   </div>
   <div class='ocr_carea' id='block_1_7' title="bbox 172 3451 1181 3570">
    <p class='ocr_par' dir='ltr' id='par_1_10' title="bbox 172 3451 1181 3570">
     <span class='ocr_line' id='line_1_36' title="bbox 172 3451 1181 3570; baseline 0.005 -68"><span class='ocrx_word' id='word_1_218' title='bbox 172 3456 351 3570; x_wconf 43' lang='lat' dir='ltr'><strong>quenteinque</strong></span> <span class='ocrx_word' id='word_1_219' title='bbox 369 3452 410 3503; x_wconf 88' lang='lat' dir='ltr'><strong>D¹</strong></span> <span class='ocrx_word' id='word_1_220' title='bbox 437 3452 442 3520; x_wconf 85' lang='grc'>1</span> <span class='ocrx_word' id='word_1_221' title='bbox 469 3455 562 3505; x_wconf 84' lang='lat' dir='ltr'><strong>truces</strong></span> <span class='ocrx_word' id='word_1_222' title='bbox 581 3455 605 3504; x_wconf 86' lang='grc' dir='ltr'><em>Τ</em></span> <span class='ocrx_word' id='word_1_223' title='bbox 689 3458 718 3506; x_wconf 92' lang='grc'><strong>11</strong></span> <span class='ocrx_word' id='word_1_224' title='bbox 744 3457 836 3508; x_wconf 86' lang='lat' dir='ltr'><strong>orrida</strong></span> <span class='ocrx_word' id='word_1_225' title='bbox 854 3455 898 3508; x_wconf 68' lang='lat'><strong>111</strong></span> <span class='ocrx_word' id='word_1_226' title='bbox 926 3454 931 3524; x_wconf 94' lang='grc' dir='ltr'>Ι</span> <span class='ocrx_word' id='word_1_227' title='bbox 957 3457 1106 3512; x_wconf 82' lang='lat' dir='ltr'><strong>tinxeretl</strong></span> <span class='ocrx_word' id='word_1_228' title='bbox 1134 3501 1137 3526; x_wconf 39' lang='lat' dir='ltr'>J</span> <span class='ocrx_word' id='word_1_229' title='bbox 1180 3451 1181 3528; x_wconf 90' lang='lat' dir='ltr'>J</span> 
     </span>
     <span class='ocr_line' id='line_1_37' title="bbox 193 3535 1092 3570; baseline -0.013 0"><span class='ocrx_word' id='word_1_230' title='bbox 193 3535 240 3570; x_wconf 84' lang='lat' dir='ltr'><strong>ore</strong></span> <span class='ocrx_word' id='word_1_231' title='bbox 1090 3555 1092 3558; x_wconf 88' lang='lat'>.</span> 
     </span>
    </p>
   </div>
   <div class='ocr_carea' id='block_1_8' title="bbox 0 0 1198 3910">
    <p class='ocr_par' dir='ltr' id='par_1_11' title="bbox 0 0 1198 3910">
     <span class='ocr_line' id='line_1_38' title="bbox 0 0 1198 3910; baseline 0 0"><span class='ocrx_word' id='word_1_232' title='bbox 0 0 1198 3910; x_wconf 95' lang='lat' dir='ltr'><strong> </strong></span> 
     </span>
    </p>
   </div>
  </div>
 </body>
</html>
