2458 3912
184 157 224 220 12
530 154 806 209 rsxnosornmn

183 331 220 393 ab
243 333 362 408 incepta
385 335 557 410 perpetrata
581 330 642 389 iam
663 345 789 408 prorsus
813 329 923 390 iniuria
947 328 1059 400 deieci,
1083 347 1151 408 quo·

182 419 263 478 tiens
291 419 420 476 miseros
447 433 523 496 quos
547 415 672 476 infinitis
699 413 856 476 calumniis
884 417 1022 494 inpunita
1048 413 1151 476 barba·

182 518 286 562 rorum
310 519 429 580 semper
451 501 577 562 auaritia
591 499 734 569 uexabat,
759 499 877 561 obiecta
893 500 1035 579 periculis
1055 507 1150 560 aucto·

146 599 173 640 ³⁵
186 589 274 648 ritate
307 587 443 667 protexi!
498 586 666 665 Numquam
699 603 747 646 me
781 584 818 646 ab
851 585 916 646 iure
951 586 988 646 ad
1020 585 1153 646 iniuriam

184 675 342 754 quisquam
367 671 505 733 detraxit.
536 669 772 732 Prouincialium
794 672 931 732 fortunas
946 678 1011 732 tum
1031 671 1151 751 priuatis

183 760 300 837 rapinis
321 766 385 818 tum
407 756 540 836 publicis
561 755 759 834 uectigalibus
774 756 964 836 pessumdari
986 775 1047 816 non
1072 756 1152 817 aliter

184 861 272 924 quam
295 844 346 922 qui
369 841 560 921 patiebantur
582 842 706 903 indolui.
737 842 810 903 Cum
827 840 955 902 acerbae
971 843 1061 902 samis
1083 849 1152 902 tem-

183 947 258 1008 pore
281 929 383 1006 grauis
406 934 495 1006 atque
518 925 737 1005 inexplicabilis
765 927 878 988 indicta
907 929 1058 1006 coemptio
1088 943 1153 1006 pro·

143 1026 171 1066 4⁰
185 1015 324 1091 lligatura
346 1013 448 1090 inopia
471 1011 663 1091 Campaniam
685 1013 872 1092 prouinciam
893 1012 1070 1082 uideretur,
1093 1030 1153 1072 cer-

184 1106 285 1161 tamen
307 1096 468 1158 aduersum
490 1099 678 1175 praesectum
705 1099 850 1176 praetorii
877 1101 1048 1159 communis
1079 1114 1152 1158 com·

183 1183 265 1244 modi
288 1183 404 1244 ratione
428 1184 562 1262 suscepi,
585 1200 658 1262 rege
681 1191 881 1261 cognoscente
904 1183 1047 1244 contendi
1070 1189 1100 1243 et
1120 1199 1153 1242 ne

184 1270 331 1345 coemptio
348 1270 535 1346 exigeretur,
559 1268 646 1329 euici.
678 1268 836 1330 Paulinum
851 1267 1041 1330 consularem
1058 1271 1154 1329 uirum

185 1357 271 1416 cuius
299 1370 372 1432 opes
398 1353 546 1434 palatinae
575 1372 666 1414 canes
694 1355 754 1415 iam
788 1371 841 1431 spe
876 1361 964 1433 atque
995 1353 1153 1415 ambitione

145 1450 172 1490 4⁵
186 1438 398 1504 deuorassent‚
423 1438 460 1498 ab
482 1441 558 1519 ipsis
580 1438 727 1499 hiantium
750 1438 890 1501 saucibus
912 1441 1001 1500 traxi.
1049 1438 1094 1498 Ne
1111 1437 1152 1498 dl·

184 1524 288 1585 binum
301 1523 492 1584 consularem
502 1526 603 1585 uirum
616 1524 839 1601 praeiudicatae
852 1525 1053 1586 accusationis
1064 1541 1154 1604 poena

185 1611 368 1686 corriperet,
392 1607 469 1669 odiis
490 1626 538 1668 me
554 1608 694 1688 Cypriani
711 1609 853 1670 delatoris
867 1612 1004 1688 opposui.
1041 1609 1153 1670 Satisne

78 1741 81 1750 .
184 1696 216 1754 in
240 1712 287 1753 me
310 1710 434 1771 magnas
456 1694 562 1754 uideor
584 1712 781 1756 exaceruasse
803 1695 987 1755 discordias?
1015 1693 1068 1755 sed
1093 1710 1152 1754 esse

185 1778 262 1856 apud
286 1786 403 1839 ceteros
426 1779 519 1839 tutior
541 1778 633 1840 debui
656 1781 708 1859 qui
723 1780 795 1841 mibi
812 1798 914 1841 amore
928 1781 1061 1840 iustitiae
1085 1776 1154 1839 nibil

146 1864 264 1942 ⁵⁰apud
288 1863 403 1924 aulicos
425 1881 483 1943 quo
507 1865 602 1943 magis
630 1883 726 1926 essem
754 1868 848 1926 tutior
875 1867 1043 1926 reseruaui.
1091 1862 1154 1933 Qui·

186 1946 243 2009 bus
266 1956 364 2010 autem
388 1948 597 2010 deserentibus
619 1950 754 2027 perculsi
776 1951 899 2012 sumus?
925 1968 1053 2029 quorum
1079 1948 1156 2009 Rasi-

184 2034 245 2094 lius
267 2034 337 2095 olim
360 2036 444 2112 regio
459 2036 630 2095 ministerio
646 2035 790 2113 depulsus
811 2038 843 2095 in
859 2034 1039 2096 delationem
1060 2034 1155 2094 nostri

185 2121 315 2180 nominis
337 2120 428 2181 alieni
452 2121 531 2180 aeris
557 2123 736 2181 necessitate
760 2120 922 2200 conpulsus
944 2127 1001 2181 est.
1046 2119 1155 2199 Opilio·

185 2223 254 2266 nem
278 2222 351 2266 uero
374 2212 462 2285 atque
485 2205 685 2267 Gaudentium
714 2225 782 2268 cum
811 2206 849 2266 ob
880 2209 1054 2267 innumeras
1083 2203 1154 2264 mul-

147 2290 363 2369 55tiplicesque
387 2291 508 2352 fraudes
530 2293 575 2352 irc
598 2290 628 2352 in
652 2291 774 2352 exilium
797 2293 882 2368 regia
905 2308 1032 2352 censura
1053 2289 1155 2350 decre·

185 2375 280 2434 uisset
302 2391 430 2452 eumque
454 2375 498 2434 illi
512 2392 620 2452 parere
636 2376 772 2437 nolentes
786 2394 938 2438 sacrarum
955 2394 1022 2437 sese
1037 2374 1155 2436 aedium

174 2457 362 2536 ‘defensione
378 2467 537 2520 tuerentur
553 2469 798 2541 compertumque
815 2463 846 2522 id
861 2464 928 2540 regi
942 2463 1031 2532 soret,
1049 2460 1154 2521 edixit:

1205 2545 1208 2712 l

254 2748 286 2798 32
305 2745 430 2812 prorsus]
454 2748 586 2798 introrsus
604 2751 636 2799 ci.
654 2747 833 2802 ASObdorius.
921 2752 955 2802 33
973 2749 1030 2815 inp.
1053 2749 1076 2799 Τ
1202 2725 1208 2826 4

185 2851 219 2901 35
236 2830 406 2899 111iuriamE
458 2849 491 2900 36
504 2849 713 2913 prouintialium
731 2848 766 2899 Τι
813 2852 846 2902 37
858 2850 981 2917 puplicis
989 2851 1016 2900 E
1066 2853 1102 2902 38
1113 2865 1157 2916 pa·
1206 2879 1208 2916 t

185 2923 308 3001 uehitur
325 2949 351 2998 n
421 2952 454 3002 ae
475 2952 507 3002 ae
525 2951 724 3015 coemptionum
741 2952 792 3001 aaa.
811 2951 978 3018 cassatae,
993 2955 1058 3004 ναν.
1080 2953 1106 3002 V
1124 2953 1156 3001 1³
1206 2953 1208 3012 ς

189 3017 301 3068 V1122
324 3017 402 3066 Xt8
486 3019 521 3069 40
542 3019 711 3084 prouintiam
729 3036 750 3069 ω
838 3022 870 3071 41
890 3022 1011 3086 preesT
1033 3021 1156 3086 pfectum
1205 3013 1208 3052 Ψ

185 3117 227 3170 Is¹
244 3115 248 3184 Ι
264 3099 399 3184 praetom
416 3119 442 3168 E
509 3121 544 3170 43
562 3121 739 3185 exiegeretnr
756 3121 801 3187 Ep
818 3119 994 3187 contollarem
1014 3123 1043 3186 (v
1054 3118 1155 3183 iuras.)
1206 3107 1208 3160 7

187 3188 211 3237 Τ
277 3187 311 3236 44
329 3185 449 3252 palatim
466 3191 508 3238 uel
525 3187 650 3251 palatine
669 3187 690 3253 (ι
702 3195 755 3239 ete
773 3205 853 3256 saepe
869 3207 961 3256 parum
979 3195 1088 3242 interce
1105 3188 1156 3250 dis-

182 3251 282 3320 serunt)
301 3253 326 3304 E
399 3257 433 3306 46
451 3254 621 3307 consolarem
641 3255 678 3305 T¹
694 3253 699 3321 Ι
714 3257 907 3321 praeiudicata
928 3259 969 3322 ΤΙ
990 3255 1159 3310 recusationis

184 3323 212 3373 K
263 3325 297 3374 47
316 3322 434 3388 cipriani
452 3323 477 3372 Ε
545 3323 579 3372 48
598 3324 777 3376 exaceruasse
796 3341 818 3376 oa
842 3327 1021 3378 exacerbasse
1040 3323 1155 3378 M¹R¹L

254 3393 286 3443 51
305 3390 353 3441 adt
370 3390 399 3441 K
453 3393 486 3442 53
505 3406 585 3457 eonp.
605 3407 627 3440 m
687 3392 719 3441 55
738 3392 850 3445 fraudes
864 3406 910 3445 om.
929 3392 971 3445 E1
1041 3398 1075 3447 56
1093 3407 1156 3445 cun·

186 3506 238 3557 que
255 3493 280 3542 E
349 3495 381 3544 57
401 3509 480 3559 oonp.
500 3494 528 3543 K
546 3494 550 3556 Ι
568 3474 680 3543 '⁰·dixit
699 3491 742 3558 (al.
761 3493 813 3560 c.?)
835 3496 858 3545 Τ
