2458 3912
540 206 602 247 XXV

175 356 323 431 „Quinque
355 356 442 414 libros
470 356 677 432 philosophicae
713 358 909 416 consolationis
947 358 1059 433 insignis

80 451 183 500 auctor
205 443 317 500 Boetius
338 441 428 499 XXVII
457 441 635 499 uarietatibus
668 443 814 500 carminum
847 445 996 517 respersit,
1030 451 1061 499 ut

83 544 157 601 opus
182 528 224 583 his
254 529 360 601 gratius
390 524 469 584 fieret
497 529 542 601 qni
570 529 689 586 musicae
720 528 861 584 suauitatis
890 527 1059 585 dulcedinem

82 613 280 686 contigissent.
305 613 341 668 lle
351 611 450 686 quibus
463 613 592 685 quoniam
603 614 684 668 etiam
695 612 767 669 inter
778 612 874 669 doctos
888 613 966 686 queri
977 612 1059 684 solet,

83 713 143 752 non
166 696 298 753 mediocri
321 705 461 771 comperta
487 697 552 754 mihi
575 695 715 772 diligentia
746 696 877 754 studiosis
906 697 1085 770 quibusques

9 802 10 813 .
83 783 181 854 paucis
196 783 298 855 aperui.
338 782 467 840 Primum
481 782 575 856 itaque
599 799 687 856 genus
702 782 828 838 carminis
842 784 999 854 aloniacum
1017 791 1061 838 est

84 866 162 938 quod
187 872 295 922 constat
316 866 404 940 primo
429 883 511 923 uersu
532 867 655 938 heroico,
677 866 798 924 secundo
821 865 907 940 prima
928 869 1061 941 pentemi-

85 965 163 1005 mere
200 951 325 1021 heroica,
355 950 473 1008 secunda
502 950 632 1008 dactilico.
670 953 872 1025 pentemimeris
899 959 990 1008 autem
1019 958 1061 1007 est

84 1043 153 1106 post
177 1034 245 1091 duos
268 1035 352 1109 pedes
377 1034 472 1092 sillaba
487 1035 520 1092 de
536 1035 617 1092 verbo
633 1051 784 1092 remanens.
828 1035 897 1092 Vsus
913 1044 956 1092 est
970 1044 1060 1092 autem

84 1119 141 1175 hoc
164 1117 272 1175 dnobus
296 1128 400 1178 tanturn
421 1121 491 1176 locis
514 1137 628 1196 qnorum
651 1121 727 1178 initia
749 1121 815 1178 haec
837 1129 914 1178 sunt:
938 1120 1059 1177 Carmina
1072 1150 1097 1190 10

84 1205 134 1277 qui
158 1204 295 1277 quondam
318 1213 370 1262 etc.
392 1213 445 1262 etc.
475 1203 585 1262 Flebilis
613 1205 666 1262 hen
694 1213 795 1262 mestos
818 1214 870 1265 etc.
887 1215 937 1263 etc.
975 1205 1059 1280 Rupis

85 1289 280 1346 aciremaeniae
303 1289 422 1364 scopulis
438 1298 489 1348 etc.
506 1300 558 1348 etc.
587 1289 746 1347 Pectoribus
769 1289 830 1363 figit
844 1291 946 1365 spicula
966 1306 1058 1364 pugna

82 1371 179 1446 lugan.

174 1456 339 1516 Secundum
354 1461 520 1518 dactilicum
536 1467 734 1518 tetrametrum
757 1458 831 1533 quod
849 1467 955 1515 constat
976 1475 1058 1532 spon·

82 1541 136 1597 deo
160 1541 260 1600 dactilo
283 1543 414 1602 catalecto
436 1547 501 1600 item
529 1543 628 1602 dactilo
649 1544 772 1618 spondeo
795 1559 917 1617 ususque
939 1553 981 1600 est
1008 1543 1096 1600 baem

81 1628 165 1682 metri
187 1629 387 1700 compositione
409 1628 451 1685 bis
473 1631 524 1686 ita:
548 1628 606 1686 Heu
630 1645 710 1703 quam
732 1630 871 1703 praecipiti
886 1644 972 1684 mersa
995 1644 1058 1701 pro·

84 1709 183 1767 fundo.
221 1710 250 1768 Si
273 1714 333 1797 quis
356 1714 458 1770 arcturi
479 1713 568 1771 sidera
590 1715 686 1770 nescit.

175 1795 304 1854 Tertium
320 1798 393 1871 quod
416 1807 522 1855 constat
537 1799 624 1872 primo
647 1799 764 1856 beroien
780 1797 900 1854 secundo
916 1801 1058 1854 alemanie

83 1879 212 1937 dactilico
229 1889 387 1939 tetrametro
403 1883 550 1939 acatalecto
573 1882 658 1939 idest
681 1891 811 1956 quattuor
838 1881 952 1957 pedibus
975 1882 1057 1938 dacti-

81 1963 142 2020 licis
171 1966 247 2021 nulla
269 1973 426 2024 remanente
448 1966 551 2024 sillaba.
593 1967 754 2025 acatalectus
782 1970 853 2024 enim
883 1984 978 2025 uersus
1012 1975 1054 2023 est
1068 1976 1092 2014 20

83 2051 131 2122 qui
154 2049 279 2124 legitimo
310 2049 363 2107 fine
386 2050 528 2109 clauditur.
571 2051 655 2108 blatra
684 2060 773 2110 autern
807 2053 928 2108 dactilica
955 2053 1069 2130 princi-⁸

80 2131 185 2206 paliter
207 2133 297 2191 dactili
320 2141 457 2206 constant,
485 2138 620 2210 recipiunt
648 2146 737 2193 tamen
765 2137 916 2210 spondeum
944 2144 973 2192 et
1000 2152 1054 2191 non

81 2235 232 2292 numquam
256 2221 283 2275 in
305 2217 359 2276 fine
381 2222 532 2278 trocheum.
569 2238 635 2277 usus
664 2229 706 2278 est
731 2229 821 2277 autem
850 2221 897 2276 tali
925 2221 1054 2275 uarietate

81 2303 168 2359 semel
196 2305 233 2360 ita
242 2308 252 2358 :'
296 2304 372 2362 'lunc
403 2321 445 2361 me
478 2304 616 2362 discussae
650 2304 789 2378 liquerunt
816 2313 896 2361 nocte
930 2302 1055 2361 tenebrae

80 2385 298 2462 Luminibusque
320 2391 397 2463 prior
418 2389 499 2446 rediit
521 2391 612 2464 uigor.
1069 2405 1094 2445 as

172 2471 312 2541 Quartum
339 2475 417 2548 ponit
441 2475 608 2547 fallentium
641 2482 770 2531 constans
803 2474 925 2548 spondeo
954 2473 1053 2530 dactilo

81 2557 174 2612 tribus
205 2559 334 2614 trocheis.
370 2575 425 2634 quo
448 2558 554 2616 duobus
578 2576 644 2616 usus
667 2568 707 2616 esi
736 2559 803 2615 locis
832 2575 948 2633 qnorum
975 2559 1053 2615 inicia

42 2711 45 2716 Ι
81 2643 150 2697 haec
173 2650 253 2698 sunt:
292 2640 419 2717 Quisquis
443 2644 598 2718 composito
622 2659 734 2700 serenus
763 2660 842 2700 aeno.
879 2642 937 2699 Huc
960 2658 1053 2699 omnes

81 2727 187 2798 pariter
209 2727 302 2784 uenite
325 2729 405 2802 capti.

168 2808 304 2878 Quintum
333 2817 533 2890 anapesticum
568 2815 754 2884 pindaricum
783 2819 910 2868 constans
939 2812 1053 2868 dimetro
1067 2822 1092 2864 so

9 2927 13 2936 -
82 2893 241 2952 acatalecto.
266 2904 352 2954 metra
374 2914 441 2954 uero
464 2899 616 2971 anapestiea
638 2897 825 2973 principaliter
846 2905 972 2953 constant
994 2913 1054 2952 ana·

80 2988 175 3054 peste,
198 2981 333 3054 recipiunt
357 2990 444 3039 tamen
466 2983 625 3058 frequenter
647 2982 808 3056 spondeum,
831 2997 892 3038 raro
915 2981 1056 3055 proceleu-

81 3065 210 3120 maticum
233 3065 305 3138 apud
326 3068 444 3124 comicos
466 3076 555 3124 autem
577 3069 656 3124 etiam
679 3066 807 3123 dactilum
829 3067 991 3140 saepiusque
1014 3065 1054 3121 ul-

160 3232 166 3279 l
186 3225 295 3296 ulginti'
308 3235 335 3280 et
353 3235 416 3282 octo
433 3231 506 3284 Bcrn
524 3235 572 3284 421
599 3231 719 3283 XXVIII
737 3232 761 3281 A
780 3231 871 3284 XXIV
888 3231 969 3281 Lonr.
1038 3232 1053 3280 3

144 3312 194 3347 ..ns
214 3298 373 3363 legentibus
392 3300 464 3350 foret
483 3302 530 3366 qni
565 3300 638 3351 Bere
655 3301 704 3350 421
774 3297 887 3365 4queri
903 3300 969 3348 idem
1037 3297 1052 3346 7

144 3365 206 3416 indo
231 3368 438 3432 pontimemeris
462 3371 551 3435 prima
568 3371 634 3419 idem
709 3365 830 3418 laidem
848 3367 881 3417 M
947 3368 981 3416 24
998 3365 1054 3415 dis·

132 3447 183 3550 spp
203 3433 233 3484 M
303 3436 335 3486 25
359 3435 462 3501 redigit
480 3437 514 3486 M
579 3439 612 3487 26
632 3440 762 3487 constans
781 3451 827 3488 om.
846 3434 876 3484 M
894 3437 928 3485 30
947 3434 981 3486 de
999 3448 1055 3483 me-
