2388 3910
131 118 174 186 56
479 115 757 170 pernoscanran

132 290 216 353 illum
238 288 433 352 beatitudinis
454 289 545 350 finem
567 287 639 350 licet
666 287 792 349 minime
813 288 982 368 perspicaci
1009 286 1115 367 quali-

135 393 263 456 cumque
285 383 385 436 tamcn
407 375 587 453 cogitatione
608 371 782 454 prospicitis
809 390 903 454 eoque
930 391 985 434 uos
1015 380 1051 434 et
1076 370 1115 432 ad

106 479 242 524 suerum
274 459 387 524 bonum
413 459 560 522 naturalis
587 458 671 520 ducit
702 459 833 523 intentio
865 465 897 520 et
929 458 966 519 ab
999 458 1115 518 eodem

132 545 289 625 multiplex
316 562 404 606 error
431 544 563 607 abducit.
614 543 778 606 Considera
800 561 943 624 namque,
978 563 1018 604 an
1057 559 1116 620 per

133 649 168 692 aa
190 628 301 712 quibus
328 649 360 692 sc
388 631 526 692 homines
553 627 717 710 adepturos
743 628 959 692 beatitudinem
987 636 1114 707 putant,

133 716 170 777 ad
192 715 375 779 destinatum
402 717 493 777 tinem
520 713 640 776 ualeant
667 717 841 794 peruenire.
885 713 918 778 Si
945 715 1030 776 enim
1061 711 1114 774 uel

131 803 278 882 pecuniae
301 801 350 864 uel
373 801 504 862 honores
526 806 686 880 ceteraque
708 799 768 863 tale
792 799 864 879 quid
886 798 1034 868 aderunt,
1061 799 1114 858 cui

92 887 209 949 aonihil
237 886 386 948 bonorum
414 884 518 948 abesse
547 885 700 954 uideatur,
728 902 783 946 nos
810 902 929 964 quoque
955 883 1114 946 fateamur

130 972 198 1034 fieri
221 971 337 1052 aliquos
358 971 466 1032 horum
493 970 654 1050 adeptione
680 969 792 1034 felices.
837 967 922 1040 Quod
949 970 975 1034 si
1003 987 1114 1048 neque

130 1055 162 1117 id
195 1054 297 1118 ualent
323 1056 443 1117 efficere
470 1056 551 1137 quod
578 1056 759 1137 promittunt
787 1054 933 1135 bonisque
965 1053 1115 1136 pluribus

132 1147 251 1211 carent,
276 1158 374 1203 nonne
396 1139 510 1221 liquido
532 1140 606 1202 salsa
633 1141 666 1204 in
689 1141 733 1203 cis
760 1139 958 1204 beatitudinis
985 1141 1115 1219 species

132 1223 387 1306 deprehenditur?
444 1225 578 1288 Primum
612 1225 706 1304 igitur
738 1233 768 1288 te
801 1225 900 1306 ipsum
933 1226 984 1305 qui
1011 1224 1114 1305 paulo

95 1331 120 1373 1⁵
132 1319 202 1373 ante
225 1309 338 1373 diuitiis
365 1310 525 1382 affluebas,
553 1311 724 1390 interrogo:
751 1309 922 1376 interillos
949 1308 1114 1372 abundan-

130 1396 261 1459 tissimas
289 1415 361 1477 opes
390 1413 592 1478 numquamne
620 1397 755 1458 animum
783 1404 870 1458 tuum
897 1403 1044 1477 concepta
1073 1414 1114 1458 ex

131 1481 264 1562 qualibet
285 1482 394 1544 iniuria
421 1481 557 1544 contudit
584 1482 736 1546 anxietas?
779 1483 883 1564 Atqui,
909 1483 1049 1562 inquam,
1076 1482 1113 1543 li·

130 1565 205 1627 bero
234 1583 282 1627 me
310 1567 404 1627 fuisse
434 1568 547 1635 animo,
576 1568 649 1647 quin
675 1566 787 1647 aliquid
817 1585 936 1648 semper
963 1583 1111 1645 angerer,

130 1649 284 1712 reminisci
312 1668 439 1732 nequeo.
461 1684 504 1700 --
526 1649 632 1714 Nonne
654 1652 725 1733 quia
752 1651 803 1715 uel
825 1651 929 1715 aberat
951 1652 1030 1732 quod
1056 1652 1111 1714 ab·

91 1752 280 1797 messenen
307 1735 402 1798 uelles
428 1737 478 1798 uel
506 1736 610 1798 aderat
636 1737 716 1818 quod
745 1737 850 1800 adesse
872 1737 1040 1800 noluisses?
1065 1771 1112 1784 -

129 1819 173 1882 lta
204 1827 264 1891 est,
299 1822 433 1902 inquam.
463 1853 502 1868 -
536 1821 619 1884 Illius
653 1824 747 1901 igitur
779 1825 981 1904 praesentiam
1012 1823 1112 1884 huius
1156 1892 1157 1895 Ἴ

130 1903 298 1966 absentiam
334 1903 590 1988 [desiderabas]i
639 1907 804 1979 Confiteor,
840 1909 973 1988 inquam.
1026 1906 1109 1987 Eget

129 2007 219 2061 uero,
254 1992 368 2068 inquit,
403 2010 439 2053 eo
473 1992 553 2073 quod
587 1993 713 2073 quisque
741 1993 913 2056 desiderati
940 2026 982 2038 -
1015 1992 1103 2072 liget,

129 2075 261 2155 inquam.
292 2109 331 2121 —
359 2074 417 2148 Qui
445 2096 520 2140 uero
547 2085 616 2157 eget
638 2079 752 2158 aliquo,
777 2097 839 2141 non
861 2087 907 2140 est
933 2096 1104 2160 usquequa-

89 2177 117 2220 re
130 2178 188 2240 que
217 2161 279 2224 sibi
306 2162 372 2242 ipsc
395 2163 559 2226 sufficiens.
587 2193 632 2210 --
657 2163 795 2235 Minime,
824 2165 957 2244 inquam.
984 2197 1027 2212 -
1055 2163 1105 2225 'ln

128 2247 230 2326 itaque
253 2245 331 2310 banc
358 2247 605 2312 insufficientiam
627 2248 749 2330 plenus,
777 2251 892 2330 inquit,
922 2248 1031 2330 opibus
1053 2268 1103 2311 su-

129 2329 281 2392 stincbasl
324 2329 453 2402 Quidni?
480 2336 614 2413 inquam.
640 2368 683 2382 --
711 2334 791 2415 Opes
817 2336 910 2412 igitur
932 2333 1026 2396 nihilo
1054 2336 1103 2396 in·

130 2412 281 2491 digentem
310 2415 568 2498 sufficientemque
596 2418 655 2481 sibi
680 2421 783 2482 facere
810 2425 964 2500 nequeunt
991 2426 1022 2480 et
1043 2419 1104 2482 hoc

130 2505 197 2559 erat
225 2498 304 2577 qnod
331 2503 510 2578 promittere
538 2502 730 2567 uidebantur.
781 2506 871 2585 Atqui
898 2504 954 2566 hoc
983 2522 1104 2585 quoque

89 2601 116 2646 oo
129 2585 259 2646 maxime
282 2584 531 2648 considerandum
553 2596 640 2666 puto,
664 2589 743 2670 quod
765 2588 842 2651 nihil
864 2588 974 2652 babeat
995 2599 1104 2672 suapte

194 2871 226 2923 P.
243 2869 299 2940 111]
324 2876 341 2926 4
359 2873 547 2942 qualicunque
560 2873 778 2995 Ekproipicitii
788 2877 861 2928 PDE
878 2876 968 2944 persp.
980 2877 1010 2927 K
1014 2878 1064 2928 ,ΡΜ
1069 2877 1078 2910 ¹
1095 2879 1100 2942 Ι

127 2952 181 3008 eoq
201 2935 228 2988 K
244 2943 360 3011 eoqA
428 2943 509 2996 8nel
527 2959 574 2996 cm.
626 2941 635 2976 ¹
705 2945 873 3012 ilpeeouniq
894 2944 917 2995 Τ
936 2959 1053 3012 pecunie
1071 2945 1105 2996 K

127 3006 186 3068 (ced
202 3003 276 3074 ,esd
299 3008 434 3076 pecunias
449 3010 477 3075 (e
495 3011 543 3076 er.)
562 3012 588 3061 D
610 3013 730 3078 pecunia
749 3013 773 3064 Ε
797 3010 802 3076 Ι
826 3013 940 3065 aierunt
956 3011 997 3066 D¹
1066 3015 1103 3065 10

127 3075 286 3138 premamur
302 3077 332 3127 K
336 3073 346 3109 ¹
415 3079 446 3129 11
465 3079 562 3131 horum
579 3097 601 3132 ω
625 3080 758 3133 bonorum
776 3081 802 3131 Ν
816 3081 821 3146 Ι
837 3080 989 3146 edepcione
1009 3081 1034 3131 Τ

126 3145 159 3196 15
176 3142 301 3195 alluebat
319 3142 354 3194 0¹
371 3144 510 3210 lhabund.
532 3148 556 3198 Τ
606 3149 638 3199 16
655 3146 852 3216 numquamne]
872 3163 907 3200 ne
925 3165 972 3205 om.
991 3149 1042 3200 DE

126 3213 158 3262 19
176 3227 232 3264 non
250 3225 321 3278 queo
339 3211 419 3265 DEK
438 3229 547 3281 nequeo
567 3215 606 3266 T?
691 3219 725 3268 20
742 3217 833 3270 uelles
846 3216 945 3269 ederat
963 3215 1021 3280 (uel
1039 3215 1101 3283 out.)

123 3279 154 3331 K
220 3281 255 3331 22
278 3279 454 3333 deiiderabai
473 3297 521 3334 om.
543 3281 567 3333 Τ
587 3280 638 3346 (.i.
656 3283 770 3337 dolebat
784 3302 832 3352 nep.
850 3302 894 3350 pr.
912 3286 975 3349 nis.
997 3282 1029 3350 T)

124 3348 158 3398 23
175 3347 273 3414 inquid
289 3349 320 3401 K
397 3348 914 3418 utaliqu01211iqu01tlnonettc
994 3354 1028 3405 25
1045 3353 1101 3404 Mi-

1 3520 4 3528 !
124 3423 1059 3522 mwww1mfflmffimmffl
