<?xml version="1.0" encoding="UTF-8"?>
<!DOCTYPE html PUBLIC "-//W3C//DTD XHTML 1.0 Transitional//EN"
    "http://www.w3.org/TR/xhtml1/DTD/xhtml1-transitional.dtd">
<html xmlns="http://www.w3.org/1999/xhtml" xml:lang="en" lang="en">
 <head>
  <title>
</title>
<meta http-equiv="Content-Type" content="text/html;charset=utf-8" />
  <meta name='ocr-system' content='tesseract 3.04.00' />
  <meta name='ocr-capabilities' content='ocr_page ocr_carea ocr_par ocr_line ocrx_word'/>
</head>
<body>
  <div class='ocr_page' id='page_1' title='image "aniciimanliisev00peipgoog_0032.png"; bbox 0 0 2458 3912; ppageno 0'>
   <div class='ocr_carea' id='block_1_1' title="bbox 605 181 724 242">
    <p class='ocr_par' dir='ltr' id='par_1_1' title="bbox 605 181 724 242">
     <span class='ocr_line' id='line_1_1' title="bbox 605 181 724 242; baseline 0 -2"><span class='ocrx_word' id='word_1_1' title='bbox 605 181 608 198; x_wconf 39' lang='lat' dir='ltr'>l</span> <span class='ocrx_word' id='word_1_2' title='bbox 620 201 724 242; x_wconf 82' lang='lat' dir='ltr'>xxvm</span> 
     </span>
    </p>
   </div>
   <div class='ocr_carea' id='block_1_2' title="bbox 110 351 1227 3207">
    <p class='ocr_par' dir='ltr' id='par_1_2' title="bbox 190 351 1170 430">
     <span class='ocr_line' id='line_1_2' title="bbox 190 351 1170 430; baseline -0.007 -18"><span class='ocrx_word' id='word_1_3' title='bbox 190 357 242 414; x_wconf 81' lang='lat' dir='ltr'>lroc</span> <span class='ocrx_word' id='word_1_4' title='bbox 264 371 352 430; x_wconf 81' lang='lat' dir='ltr'>genus</span> <span class='ocrx_word' id='word_1_5' title='bbox 375 353 458 410; x_wconf 89' lang='lat' dir='ltr'>semel</span> <span class='ocrx_word' id='word_1_6' title='bbox 481 361 600 410; x_wconf 91' lang='lat' dir='ltr'>tantum:</span> <span class='ocrx_word' id='word_1_7' title='bbox 638 351 722 408; x_wconf 84' lang='lat' dir='ltr'><strong>Omne</strong></span> <span class='ocrx_word' id='word_1_8' title='bbox 752 351 892 407; x_wconf 88' lang='lat' dir='ltr'>homiuum</span> <span class='ocrx_word' id='word_1_9' title='bbox 915 367 1001 426; x_wconf 83' lang='lat' dir='ltr'>genus</span> <span class='ocrx_word' id='word_1_10' title='bbox 1030 352 1058 406; x_wconf 89' lang='lat' dir='ltr'>in</span> <span class='ocrx_word' id='word_1_11' title='bbox 1082 351 1170 406; x_wconf 89' lang='lat' dir='ltr'>terris</span> 
     </span>
    </p>

    <p class='ocr_par' dir='ltr' id='par_1_3' title="bbox 110 438 1154 514">
     <span class='ocr_line' id='line_1_3' title="bbox 110 438 1154 514; baseline -0.009 -17"><span class='ocrx_word' id='word_1_12' title='bbox 110 468 111 472; x_wconf 65' lang='lat'>,</span> <span class='ocrx_word' id='word_1_13' title='bbox 189 439 274 496; x_wconf 88' lang='lat' dir='ltr'>Simili</span> <span class='ocrx_word' id='word_1_14' title='bbox 297 441 392 514; x_wconf 78' lang='lat' dir='ltr'>gorgii</span> <span class='ocrx_word' id='word_1_15' title='bbox 414 438 446 494; x_wconf 88' lang='lat' dir='ltr'>ab</span> <span class='ocrx_word' id='word_1_16' title='bbox 469 446 544 496; x_wconf 84' lang='lat' dir='ltr'>ortu.</span> <span class='ocrx_word' id='word_1_17' title='bbox 1151 484 1154 488; x_wconf 88' lang='lat'>.</span> 
     </span>
    </p>

    <p class='ocr_par' dir='ltr' id='par_1_4' title="bbox 282 519 1212 597">
     <span class='ocr_line' id='line_1_4' title="bbox 282 519 1212 597; baseline -0.009 -16"><span class='ocrx_word' id='word_1_18' title='bbox 282 525 528 581; x_wconf 83' lang='lat' dir='ltr'>Vudcuicesimum</span> <span class='ocrx_word' id='word_1_19' title='bbox 549 520 690 578; x_wconf 90' lang='lat' dir='ltr'>iambicum</span> <span class='ocrx_word' id='word_1_20' title='bbox 715 525 935 578; x_wconf 80' lang='lat' dir='ltr'>anacreontium</span> <span class='ocrx_word' id='word_1_21' title='bbox 957 529 1089 577; x_wconf 90' lang='lat' dir='ltr'>constans</span> <span class='ocrx_word' id='word_1_22' title='bbox 1127 519 1155 574; x_wconf 86' lang='lat' dir='ltr'>dl</span> <span class='ocrx_word' id='word_1_23' title='bbox 1209 588 1212 597; x_wconf 28' lang='grc' dir='ltr'>Ι</span> 
     </span>
    </p>

    <p class='ocr_par' dir='ltr' id='par_1_5' title="bbox 139 606 1170 764">
     <span class='ocr_line' id='line_1_5' title="bbox 139 606 1170 680; baseline 0 -20"><span class='ocrx_word' id='word_1_24' title='bbox 139 620 175 660; x_wconf 86' lang='lat'>105</span> <span class='ocrx_word' id='word_1_25' title='bbox 189 617 277 664; x_wconf 91' lang='lat' dir='ltr'>metro</span> <span class='ocrx_word' id='word_1_26' title='bbox 299 608 454 665; x_wconf 77' lang='lat' dir='ltr'>catalectico</span> <span class='ocrx_word' id='word_1_27' title='bbox 477 606 572 664; x_wconf 91' lang='lat' dir='ltr'>eodem</span> <span class='ocrx_word' id='word_1_28' title='bbox 588 623 695 680; x_wconf 84' lang='lat' dir='ltr'>semper</span> <span class='ocrx_word' id='word_1_29' title='bbox 709 607 826 680; x_wconf 86' lang='lat' dir='ltr'>repetito</span> <span class='ocrx_word' id='word_1_30' title='bbox 842 621 962 680; x_wconf 87' lang='lat' dir='ltr'>ususque</span> <span class='ocrx_word' id='word_1_31' title='bbox 985 621 1018 661; x_wconf 89' lang='lat' dir='ltr'>eo</span> <span class='ocrx_word' id='word_1_32' title='bbox 1041 613 1086 660; x_wconf 89' lang='lat' dir='ltr'>est</span> <span class='ocrx_word' id='word_1_33' title='bbox 1111 620 1170 660; x_wconf 91' lang='lat' dir='ltr'>uno</span> 
     </span>
     <span class='ocr_line' id='line_1_6' title="bbox 191 690 904 764; baseline -0.006 -14"><span class='ocrx_word' id='word_1_34' title='bbox 191 701 292 750; x_wconf 90' lang='lat' dir='ltr'>tantum</span> <span class='ocrx_word' id='word_1_35' title='bbox 315 693 376 750; x_wconf 93' lang='lat' dir='ltr'>loco</span> <span class='ocrx_word' id='word_1_36' title='bbox 398 694 450 749; x_wconf 90' lang='lat' dir='ltr'>ita:</span> <span class='ocrx_word' id='word_1_37' title='bbox 474 691 561 748; x_wconf 88' lang='lat' dir='ltr'>Habet</span> <span class='ocrx_word' id='word_1_38' title='bbox 583 692 636 748; x_wconf 89' lang='lat' dir='ltr'>hoc</span> <span class='ocrx_word' id='word_1_39' title='bbox 657 690 784 764; x_wconf 89' lang='lat' dir='ltr'>uoluptas</span> <span class='ocrx_word' id='word_1_40' title='bbox 808 691 904 746; x_wconf 86' lang='lat' dir='ltr'>omnis.</span> 
     </span>
    </p>

    <p class='ocr_par' dir='ltr' id='par_1_6' title="bbox 189 773 1222 1019">
     <span class='ocr_line' id='line_1_7' title="bbox 284 773 1169 849; baseline -0.007 -15"><span class='ocrx_word' id='word_1_41' title='bbox 284 779 452 834; x_wconf 81' lang='lat' dir='ltr'>Vicesimum</span> <span class='ocrx_word' id='word_1_42' title='bbox 475 779 691 848; x_wconf 77' lang='lat' dir='ltr'>asclepiadeum</span> <span class='ocrx_word' id='word_1_43' title='bbox 713 777 790 832; x_wconf 89' lang='lat' dir='ltr'>cuius</span> <span class='ocrx_word' id='word_1_44' title='bbox 820 791 902 849; x_wconf 88' lang='lat' dir='ltr'>supra</span> <span class='ocrx_word' id='word_1_45' title='bbox 929 773 1052 848; x_wconf 78' lang='lat' dir='ltr'>regulam</span> <span class='ocrx_word' id='word_1_46' title='bbox 1081 775 1169 848; x_wconf 87' lang='lat' dir='ltr'>posui</span> 
     </span>
     <span class='ocr_line' id='line_1_8' title="bbox 189 858 1222 936; baseline -0.005 -18"><span class='ocrx_word' id='word_1_47' title='bbox 189 861 325 936; x_wconf 83' lang='lat' dir='ltr'><strong>habetque</strong></span> <span class='ocrx_word' id='word_1_48' title='bbox 348 861 522 918; x_wconf 88' lang='lat' dir='ltr'>subiunctum</span> <span class='ocrx_word' id='word_1_49' title='bbox 545 861 594 916; x_wconf 86' lang='lat' dir='ltr'>sihi</span> <span class='ocrx_word' id='word_1_50' title='bbox 617 864 769 920; x_wconf 79' lang='lat' dir='ltr'>iambicum</span> <span class='ocrx_word' id='word_1_51' title='bbox 784 861 993 918; x_wconf 72' lang='lat' dir='ltr'>archilochium</span> <span class='ocrx_word' id='word_1_52' title='bbox 1014 858 1168 914; x_wconf 87' lang='lat' dir='ltr'>dimetrum</span> <span class='ocrx_word' id='word_1_53' title='bbox 1218 861 1222 869; x_wconf 86' lang='lat'>&#39;</span> 
     </span>
     <span class='ocr_line' id='line_1_9' title="bbox 191 943 1169 1019; baseline -0.003 -18"><span class='ocrx_word' id='word_1_54' title='bbox 191 947 374 1002; x_wconf 88' lang='lat' dir='ltr'>acatalectum.</span> <span class='ocrx_word' id='word_1_55' title='bbox 400 963 479 1019; x_wconf 88' lang='lat' dir='ltr'>quam</span> <span class='ocrx_word' id='word_1_56' title='bbox 495 948 653 1002; x_wconf 88' lang='lat' dir='ltr'>uarietatem</span> <span class='ocrx_word' id='word_1_57' title='bbox 669 945 753 1002; x_wconf 90' lang='lat' dir='ltr'>semel</span> <span class='ocrx_word' id='word_1_58' title='bbox 770 953 880 1000; x_wconf 87' lang='lat' dir='ltr'>tantum</span> <span class='ocrx_word' id='word_1_59' title='bbox 903 946 931 1000; x_wconf 88' lang='lat' dir='ltr'>io</span> <span class='ocrx_word' id='word_1_60' title='bbox 955 945 1007 1000; x_wconf 89' lang='lat' dir='ltr'>hoc</span> <span class='ocrx_word' id='word_1_61' title='bbox 1023 959 1109 1017; x_wconf 89' lang='lat' dir='ltr'>opere</span> <span class='ocrx_word' id='word_1_62' title='bbox 1125 943 1169 998; x_wconf 88' lang='lat' dir='ltr'>in·</span> 
     </span>
    </p>

    <p class='ocr_par' dir='ltr' id='par_1_7' title="bbox 139 1027 1227 1188">
     <span class='ocr_line' id='line_1_10' title="bbox 139 1027 1227 1103; baseline -0.006 -15"><span class='ocrx_word' id='word_1_63' title='bbox 139 1051 176 1088; x_wconf 87' lang='lat'>110</span> <span class='ocrx_word' id='word_1_64' title='bbox 191 1032 284 1088; x_wconf 87' lang='lat' dir='ltr'>uenire</span> <span class='ocrx_word' id='word_1_65' title='bbox 306 1030 369 1088; x_wconf 91' lang='lat' dir='ltr'>licet</span> <span class='ocrx_word' id='word_1_66' title='bbox 391 1035 442 1088; x_wconf 89' lang='lat' dir='ltr'>ita:</span> <span class='ocrx_word' id='word_1_67' title='bbox 465 1031 540 1088; x_wconf 88' lang='lat' dir='ltr'>Eheu</span> <span class='ocrx_word' id='word_1_68' title='bbox 563 1047 630 1103; x_wconf 86' lang='lat' dir='ltr'>quae</span> <span class='ocrx_word' id='word_1_69' title='bbox 657 1033 771 1086; x_wconf 90' lang='lat' dir='ltr'>miseros</span> <span class='ocrx_word' id='word_1_70' title='bbox 795 1031 900 1086; x_wconf 80' lang='lat' dir='ltr'>tramite</span> <span class='ocrx_word' id='word_1_71' title='bbox 923 1028 1018 1086; x_wconf 89' lang='lat' dir='ltr'>deuios</span> <span class='ocrx_word' id='word_1_72' title='bbox 1047 1027 1169 1083; x_wconf 78' lang='lat' dir='ltr'>Abducit</span> <span class='ocrx_word' id='word_1_73' title='bbox 1226 1044 1227 1047; x_wconf 43' lang='lat'>¹</span> 
     </span>
     <span class='ocr_line' id='line_1_11' title="bbox 189 1117 352 1188; baseline 0.012 -19"><span class='ocrx_word' id='word_1_74' title='bbox 189 1117 352 1188; x_wconf 85' lang='lat' dir='ltr'>ignorantia.</span> 
     </span>
    </p>

    <p class='ocr_par' dir='ltr' id='par_1_8' title="bbox 189 1199 1227 1444">
     <span class='ocr_line' id='line_1_12' title="bbox 274 1199 1167 1270; baseline -0.002 -16"><span class='ocrx_word' id='word_1_75' title='bbox 274 1199 404 1256; x_wconf 89' lang='lat' dir='ltr'>Primum</span> <span class='ocrx_word' id='word_1_76' title='bbox 427 1207 454 1257; x_wconf 86' lang='lat' dir='ltr'>et</span> <span class='ocrx_word' id='word_1_77' title='bbox 476 1203 644 1257; x_wconf 82' lang='lat' dir='ltr'>uicesimum</span> <span class='ocrx_word' id='word_1_78' title='bbox 675 1209 716 1256; x_wconf 90' lang='lat' dir='ltr'>est</span> <span class='ocrx_word' id='word_1_79' title='bbox 738 1201 886 1256; x_wconf 85' lang='lat' dir='ltr'>heroicum</span> <span class='ocrx_word' id='word_1_80' title='bbox 909 1205 1093 1256; x_wconf 80' lang='lat' dir='ltr'>caeomctrum</span> <span class='ocrx_word' id='word_1_81' title='bbox 1117 1199 1167 1270; x_wconf 89' lang='lat' dir='ltr'>qui</span> 
     </span>
     <span class='ocr_line' id='line_1_13' title="bbox 189 1282 1167 1358; baseline -0.002 -19"><span class='ocrx_word' id='word_1_82' title='bbox 189 1284 258 1340; x_wconf 89' lang='lat' dir='ltr'>locis</span> <span class='ocrx_word' id='word_1_83' title='bbox 281 1283 405 1341; x_wconf 88' lang='lat' dir='ltr'>omnihus</span> <span class='ocrx_word' id='word_1_84' title='bbox 433 1283 492 1340; x_wconf 89' lang='lat' dir='ltr'>aliis</span> <span class='ocrx_word' id='word_1_85' title='bbox 515 1283 643 1342; x_wconf 86' lang='lat' dir='ltr'>dactllum</span> <span class='ocrx_word' id='word_1_86' title='bbox 667 1286 725 1341; x_wconf 88' lang='lat' dir='ltr'>siue</span> <span class='ocrx_word' id='word_1_87' title='bbox 753 1282 916 1358; x_wconf 76' lang='lat' dir='ltr'>spondeum,</span> <span class='ocrx_word' id='word_1_88' title='bbox 946 1284 1042 1357; x_wconf 90' lang='lat' dir='ltr'>quinto</span> <span class='ocrx_word' id='word_1_89' title='bbox 1070 1282 1167 1338; x_wconf 91' lang='lat' dir='ltr'>solum</span> 
     </span>
     <span class='ocr_line' id='line_1_14' title="bbox 190 1367 1227 1444; baseline -0.002 -20"><span class='ocrx_word' id='word_1_90' title='bbox 190 1369 272 1424; x_wconf 92' lang='lat' dir='ltr'>modo</span> <span class='ocrx_word' id='word_1_91' title='bbox 307 1368 436 1427; x_wconf 85' lang='lat' dir='ltr'>dactilum</span> <span class='ocrx_word' id='word_1_92' title='bbox 469 1371 581 1444; x_wconf 82' lang='lat' dir='ltr'>recipit,</span> <span class='ocrx_word' id='word_1_93' title='bbox 619 1379 696 1426; x_wconf 82' lang='lat' dir='ltr'>sexto</span> <span class='ocrx_word' id='word_1_94' title='bbox 729 1367 879 1443; x_wconf 88' lang='lat' dir='ltr'>spondeum</span> <span class='ocrx_word' id='word_1_95' title='bbox 914 1369 973 1424; x_wconf 89' lang='lat' dir='ltr'>siue</span> <span class='ocrx_word' id='word_1_96' title='bbox 1007 1369 1166 1424; x_wconf 87' lang='lat' dir='ltr'>trocheum.</span> <span class='ocrx_word' id='word_1_97' title='bbox 1224 1425 1227 1429; x_wconf 12' lang='grc' dir='ltr'><strong>Α</strong></span> 
     </span>
    </p>

    <p class='ocr_par' dir='ltr' id='par_1_9' title="bbox 130 1453 1226 1612">
     <span class='ocr_line' id='line_1_15' title="bbox 130 1453 1165 1527; baseline -0.003 -19"><span class='ocrx_word' id='word_1_98' title='bbox 130 1464 176 1509; x_wconf 82' lang='lat'>&#39;115</span> <span class='ocrx_word' id='word_1_99' title='bbox 189 1453 259 1509; x_wconf 88' lang='lat' dir='ltr'>Vsus</span> <span class='ocrx_word' id='word_1_100' title='bbox 282 1463 371 1510; x_wconf 90' lang='lat' dir='ltr'>autem</span> <span class='ocrx_word' id='word_1_101' title='bbox 387 1471 419 1510; x_wconf 86' lang='lat' dir='ltr'>eo</span> <span class='ocrx_word' id='word_1_102' title='bbox 436 1462 478 1510; x_wconf 90' lang='lat' dir='ltr'>est</span> <span class='ocrx_word' id='word_1_103' title='bbox 493 1454 576 1510; x_wconf 89' lang='lat' dir='ltr'>semel</span> <span class='ocrx_word' id='word_1_104' title='bbox 599 1461 703 1510; x_wconf 87' lang='lat' dir='ltr'>tantum</span> <span class='ocrx_word' id='word_1_105' title='bbox 724 1455 776 1510; x_wconf 90' lang='lat' dir='ltr'>ita:</span> <span class='ocrx_word' id='word_1_106' title='bbox 816 1453 837 1507; x_wconf 88' lang='grc' dir='ltr'>Ο</span> <span class='ocrx_word' id='word_1_107' title='bbox 861 1455 906 1526; x_wconf 88' lang='lat' dir='ltr'>qui</span> <span class='ocrx_word' id='word_1_108' title='bbox 928 1460 1060 1527; x_wconf 85' lang='lat' dir='ltr'>perpetua</span> <span class='ocrx_word' id='word_1_109' title='bbox 1083 1467 1165 1507; x_wconf 90' lang='lat' dir='ltr'>mun·</span> 
     </span>
     <span class='ocr_line' id='line_1_16' title="bbox 190 1532 1226 1612; baseline 0.004 -21"><span class='ocrx_word' id='word_1_110' title='bbox 190 1538 254 1594; x_wconf 77' lang='lat' dir='ltr'>(lum</span> <span class='ocrx_word' id='word_1_111' title='bbox 276 1539 381 1594; x_wconf 89' lang='lat' dir='ltr'>ratione</span> <span class='ocrx_word' id='word_1_112' title='bbox 404 1538 549 1612; x_wconf 84' lang='lat' dir='ltr'>gubernas.</span> <span class='ocrx_word' id='word_1_113' title='bbox 1225 1532 1226 1535; x_wconf 58' lang='grc'>’</span> 
     </span>
    </p>

    <p class='ocr_par' dir='ltr' id='par_1_10' title="bbox 190 1621 1226 1867">
     <span class='ocr_line' id='line_1_17' title="bbox 276 1621 1226 1681; baseline -0.002 -3"><span class='ocrx_word' id='word_1_114' title='bbox 276 1621 439 1679; x_wconf 80' lang='lat' dir='ltr'>Secundum</span> <span class='ocrx_word' id='word_1_115' title='bbox 462 1629 489 1678; x_wconf 86' lang='lat' dir='ltr'>et</span> <span class='ocrx_word' id='word_1_116' title='bbox 512 1626 677 1680; x_wconf 82' lang='lat' dir='ltr'>uicesimum</span> <span class='ocrx_word' id='word_1_117' title='bbox 704 1625 870 1681; x_wconf 81' lang='lat' dir='ltr'>dactilicum</span> <span class='ocrx_word' id='word_1_118' title='bbox 899 1626 1071 1680; x_wconf 80' lang='lat' dir='ltr'>alemaniam</span> <span class='ocrx_word' id='word_1_119' title='bbox 1095 1637 1165 1677; x_wconf 92' lang='lat' dir='ltr'>con·</span> <span class='ocrx_word' id='word_1_120' title='bbox 1225 1656 1226 1659; x_wconf 56' lang='lat'><em>=</em></span> 
     </span>
     <span class='ocr_line' id='line_1_18' title="bbox 190 1706 1167 1783; baseline 0 -21"><span class='ocrx_word' id='word_1_121' title='bbox 190 1714 265 1762; x_wconf 88' lang='lat' dir='ltr'>stans</span> <span class='ocrx_word' id='word_1_122' title='bbox 289 1714 447 1764; x_wconf 88' lang='lat' dir='ltr'>tetrametro</span> <span class='ocrx_word' id='word_1_123' title='bbox 478 1708 623 1765; x_wconf 90' lang='lat' dir='ltr'>acatalecto</span> <span class='ocrx_word' id='word_1_124' title='bbox 652 1706 879 1783; x_wconf 82' lang='lat' dir='ltr'>subpositumque</span> <span class='ocrx_word' id='word_1_125' title='bbox 907 1709 958 1764; x_wconf 89' lang='lat' dir='ltr'>sibi</span> <span class='ocrx_word' id='word_1_126' title='bbox 988 1707 1067 1763; x_wconf 87' lang='lat' dir='ltr'>hahet</span> <span class='ocrx_word' id='word_1_127' title='bbox 1089 1711 1167 1762; x_wconf 88' lang='lat' dir='ltr'>inm·-</span> 
     </span>
     <span class='ocr_line' id='line_1_19' title="bbox 191 1792 1166 1867; baseline -0.002 -18"><span class='ocrx_word' id='word_1_128' title='bbox 191 1793 283 1849; x_wconf 79' lang='lat' dir='ltr'>lricum</span> <span class='ocrx_word' id='word_1_129' title='bbox 307 1793 515 1849; x_wconf 72' lang='lat' dir='ltr'>archilochium</span> <span class='ocrx_word' id='word_1_130' title='bbox 542 1793 575 1849; x_wconf 89' lang='lat' dir='ltr'>de</span> <span class='ocrx_word' id='word_1_131' title='bbox 599 1808 655 1867; x_wconf 91' lang='lat' dir='ltr'>quo</span> <span class='ocrx_word' id='word_1_132' title='bbox 680 1793 763 1867; x_wconf 88' lang='lat' dir='ltr'>paulo</span> <span class='ocrx_word' id='word_1_133' title='bbox 791 1803 853 1849; x_wconf 86' lang='lat' dir='ltr'>ante</span> <span class='ocrx_word' id='word_1_134' title='bbox 876 1793 940 1850; x_wconf 85' lang='lat' dir='ltr'>dlxi.</span> <span class='ocrx_word' id='word_1_135' title='bbox 984 1792 1063 1848; x_wconf 89' lang='lat' dir='ltr'>talem</span> <span class='ocrx_word' id='word_1_136' title='bbox 1092 1807 1166 1847; x_wconf 87' lang='lat' dir='ltr'>uero</span> 
     </span>
    </p>

    <p class='ocr_par' dir='ltr' id='par_1_11' title="bbox 141 1876 1226 2118">
     <span class='ocr_line' id='line_1_20' title="bbox 141 1876 1165 1935; baseline 0.005 -10"><span class='ocrx_word' id='word_1_137' title='bbox 141 1888 177 1926; x_wconf 85' lang='lat'>120</span> <span class='ocrx_word' id='word_1_138' title='bbox 191 1876 352 1932; x_wconf 88' lang='lat' dir='ltr'>uarietatem</span> <span class='ocrx_word' id='word_1_139' title='bbox 387 1893 442 1932; x_wconf 90' lang='lat' dir='ltr'>uno</span> <span class='ocrx_word' id='word_1_140' title='bbox 471 1884 577 1934; x_wconf 89' lang='lat' dir='ltr'>tantum</span> <span class='ocrx_word' id='word_1_141' title='bbox 611 1887 740 1934; x_wconf 84' lang='lat' dir='ltr'>executus</span> <span class='ocrx_word' id='word_1_142' title='bbox 776 1887 818 1935; x_wconf 90' lang='lat' dir='ltr'>cst</span> <span class='ocrx_word' id='word_1_143' title='bbox 851 1878 913 1933; x_wconf 94' lang='lat' dir='ltr'>loco</span> <span class='ocrx_word' id='word_1_144' title='bbox 946 1878 1023 1933; x_wconf 90' lang='lat' dir='ltr'>cuius</span> <span class='ocrx_word' id='word_1_145' title='bbox 1053 1877 1165 1931; x_wconf 88' lang='lat' dir='ltr'>initium</span> 
     </span>
     <span class='ocr_line' id='line_1_21' title="bbox 190 1959 1226 2035; baseline 0 -19"><span class='ocrx_word' id='word_1_146' title='bbox 190 1969 247 2016; x_wconf 88' lang='lat' dir='ltr'>est:</span> <span class='ocrx_word' id='word_1_147' title='bbox 282 1959 351 2016; x_wconf 87' lang='lat' dir='ltr'>Sunt</span> <span class='ocrx_word' id='word_1_148' title='bbox 367 1962 467 2017; x_wconf 87' lang='lat' dir='ltr'>etenim</span> <span class='ocrx_word' id='word_1_149' title='bbox 490 1978 578 2035; x_wconf 90' lang='lat' dir='ltr'>penne</span> <span class='ocrx_word' id='word_1_150' title='bbox 594 1962 720 2019; x_wconf 86' lang='lat' dir='ltr'>uolucres</span> <span class='ocrx_word' id='word_1_151' title='bbox 736 1961 801 2018; x_wconf 91' lang='lat' dir='ltr'>mihi</span> <span class='ocrx_word' id='word_1_152' title='bbox 838 1961 919 2029; x_wconf 81' lang='lat' dir='ltr'>Quae.</span> <span class='ocrx_word' id='word_1_153' title='bbox 934 1961 1007 2018; x_wconf 90' lang='lat' dir='ltr'>celsa</span> <span class='ocrx_word' id='word_1_154' title='bbox 1029 1975 1165 2018; x_wconf 86' lang='lat' dir='ltr'>conscen·</span> <span class='ocrx_word' id='word_1_155' title='bbox 1225 2032 1226 2035; x_wconf 8' lang='grc' dir='ltr'><strong>Ἴ</strong></span> 
     </span>
     <span class='ocr_line' id='line_1_22' title="bbox 190 2045 343 2118; baseline 0.013 -19"><span class='ocrx_word' id='word_1_156' title='bbox 190 2045 254 2100; x_wconf 87' lang='lat' dir='ltr'>dant</span> <span class='ocrx_word' id='word_1_157' title='bbox 276 2045 343 2118; x_wconf 91' lang='lat' dir='ltr'>poli.</span> 
     </span>
    </p>

    <p class='ocr_par' dir='ltr' id='par_1_12' title="bbox 191 2128 1165 2290">
     <span class='ocr_line' id='line_1_23' title="bbox 278 2128 1165 2206; baseline 0.001 -21"><span class='ocrx_word' id='word_1_158' title='bbox 278 2128 416 2206; x_wconf 14' lang='lat' dir='ltr'>Tertium*</span> <span class='ocrx_word' id='word_1_159' title='bbox 434 2138 461 2187; x_wconf 87' lang='lat' dir='ltr'>ct</span> <span class='ocrx_word' id='word_1_160' title='bbox 490 2130 657 2188; x_wconf 77' lang='lat' dir='ltr'>uicesimum</span> <span class='ocrx_word' id='word_1_161' title='bbox 679 2133 858 2189; x_wconf 84' lang='lat' dir='ltr'>trochaicum</span> <span class='ocrx_word' id='word_1_162' title='bbox 892 2135 1066 2190; x_wconf 85' lang='lat' dir='ltr'>alemaniam</span> <span class='ocrx_word' id='word_1_163' title='bbox 1095 2147 1165 2187; x_wconf 88' lang='lat' dir='ltr'>con·</span> 
     </span>
     <span class='ocr_line' id='line_1_24' title="bbox 191 2215 1164 2290; baseline 0.001 -22"><span class='ocrx_word' id='word_1_164' title='bbox 191 2224 264 2269; x_wconf 92' lang='lat' dir='ltr'>stans</span> <span class='ocrx_word' id='word_1_165' title='bbox 288 2215 404 2271; x_wconf 86' lang='lat' dir='ltr'>dimetro</span> <span class='ocrx_word' id='word_1_166' title='bbox 427 2215 584 2274; x_wconf 85' lang='lat' dir='ltr'>acatalecto.</span> <span class='ocrx_word' id='word_1_167' title='bbox 621 2215 691 2272; x_wconf 89' lang='lat' dir='ltr'>Sane</span> <span class='ocrx_word' id='word_1_168' title='bbox 714 2225 798 2273; x_wconf 89' lang='lat' dir='ltr'>metra</span> <span class='ocrx_word' id='word_1_169' title='bbox 821 2218 957 2274; x_wconf 90' lang='lat' dir='ltr'>trochaica</span> <span class='ocrx_word' id='word_1_170' title='bbox 985 2217 1053 2272; x_wconf 89' lang='lat' dir='ltr'>locis</span> <span class='ocrx_word' id='word_1_171' title='bbox 1075 2217 1164 2290; x_wconf 89' lang='lat' dir='ltr'>impa-</span> 
     </span>
    </p>

    <p class='ocr_par' dir='ltr' id='par_1_13' title="bbox 140 2297 1160 2714">
     <span class='ocr_line' id='line_1_25' title="bbox 140 2297 1160 2376; baseline 0.005 -27"><span class='ocrx_word' id='word_1_172' title='bbox 140 2310 177 2350; x_wconf 77' lang='lat'>125</span> <span class='ocrx_word' id='word_1_173' title='bbox 190 2297 265 2354; x_wconf 78' lang='lat' dir='ltr'>riluus</span> <span class='ocrx_word' id='word_1_174' title='bbox 288 2301 430 2356; x_wconf 88' lang='lat' dir='ltr'>trocheum</span> <span class='ocrx_word' id='word_1_175' title='bbox 453 2300 600 2357; x_wconf 90' lang='lat' dir='ltr'>tribrachin</span> <span class='ocrx_word' id='word_1_176' title='bbox 626 2309 654 2357; x_wconf 92' lang='lat' dir='ltr'>et</span> <span class='ocrx_word' id='word_1_177' title='bbox 677 2317 879 2376; x_wconf 87' lang='lat' dir='ltr'>nonnumquam</span> <span class='ocrx_word' id='word_1_178' title='bbox 897 2301 1025 2358; x_wconf 85' lang='lat' dir='ltr'>lactllum</span> <span class='ocrx_word' id='word_1_179' title='bbox 1047 2299 1160 2375; x_wconf 90' lang='lat' dir='ltr'>paribus</span> 
     </span>
     <span class='ocr_line' id='line_1_26' title="bbox 189 2385 1160 2460; baseline 0.004 -24"><span class='ocrx_word' id='word_1_180' title='bbox 189 2398 257 2438; x_wconf 88' lang='lat' dir='ltr'>uero</span> <span class='ocrx_word' id='word_1_181' title='bbox 280 2400 340 2440; x_wconf 86' lang='lat' dir='ltr'>oum</span> <span class='ocrx_word' id='word_1_182' title='bbox 363 2385 550 2457; x_wconf 76' lang='lat' dir='ltr'>supradictos,</span> <span class='ocrx_word' id='word_1_183' title='bbox 579 2394 637 2442; x_wconf 90' lang='lat' dir='ltr'>tum</span> <span class='ocrx_word' id='word_1_184' title='bbox 665 2388 744 2443; x_wconf 87' lang='lat' dir='ltr'>etiam</span> <span class='ocrx_word' id='word_1_185' title='bbox 772 2385 922 2460; x_wconf 87' lang='lat' dir='ltr'>spondeum</span> <span class='ocrx_word' id='word_1_186' title='bbox 951 2393 979 2442; x_wconf 88' lang='lat' dir='ltr'>ct</span> <span class='ocrx_word' id='word_1_187' title='bbox 1001 2393 1160 2460; x_wconf 88' lang='lat' dir='ltr'>anapestum</span> 
     </span>
     <span class='ocr_line' id='line_1_27' title="bbox 190 2466 1157 2543; baseline 0.005 -22"><span class='ocrx_word' id='word_1_188' title='bbox 190 2466 334 2540; x_wconf 82' lang='lat' dir='ltr'>recipiunt.</span> <span class='ocrx_word' id='word_1_189' title='bbox 364 2468 427 2524; x_wconf 88' lang='lat' dir='ltr'>huic</span> <span class='ocrx_word' id='word_1_190' title='bbox 449 2477 540 2525; x_wconf 85' lang='lat' dir='ltr'>autem</span> <span class='ocrx_word' id='word_1_191' title='bbox 562 2473 656 2542; x_wconf 80' lang='lat' dir='ltr'>generi</span> <span class='ocrx_word' id='word_1_192' title='bbox 678 2471 798 2527; x_wconf 82' lang='lat' dir='ltr'>subdidit</span> <span class='ocrx_word' id='word_1_193' title='bbox 814 2471 925 2528; x_wconf 89' lang='lat' dir='ltr'>Boetius</span> <span class='ocrx_word' id='word_1_194' title='bbox 948 2470 981 2526; x_wconf 85' lang='lat' dir='ltr'>de</span> <span class='ocrx_word' id='word_1_195' title='bbox 1005 2487 1059 2542; x_wconf 90' lang='lat' dir='ltr'>quo</span> <span class='ocrx_word' id='word_1_196' title='bbox 1075 2485 1157 2543; x_wconf 89' lang='lat' dir='ltr'>supra</span> 
     </span>
     <span class='ocr_line' id='line_1_28' title="bbox 190 2551 1158 2630; baseline 0.003 -25"><span class='ocrx_word' id='word_1_197' title='bbox 190 2551 291 2606; x_wconf 87' lang='lat' dir='ltr'>dictum</span> <span class='ocrx_word' id='word_1_198' title='bbox 315 2561 356 2608; x_wconf 88' lang='lat' dir='ltr'>est</span> <span class='ocrx_word' id='word_1_199' title='bbox 376 2553 570 2626; x_wconf 79' lang='lat' dir='ltr'>fcrecrotium</span> <span class='ocrx_word' id='word_1_200' title='bbox 594 2555 667 2628; x_wconf 88' lang='lat' dir='ltr'>qood</span> <span class='ocrx_word' id='word_1_201' title='bbox 696 2572 746 2628; x_wconf 89' lang='lat' dir='ltr'>pro</span> <span class='ocrx_word' id='word_1_202' title='bbox 775 2555 898 2630; x_wconf 89' lang='lat' dir='ltr'>spondeo</span> <span class='ocrx_word' id='word_1_203' title='bbox 927 2555 1062 2612; x_wconf 87' lang='lat' dir='ltr'>interdum</span> <span class='ocrx_word' id='word_1_204' title='bbox 1090 2555 1158 2612; x_wconf 86' lang='lat' dir='ltr'>reoi-</span> 
     </span>
     <span class='ocr_line' id='line_1_29' title="bbox 189 2637 1158 2714; baseline 0.005 -24"><span class='ocrx_word' id='word_1_205' title='bbox 189 2637 268 2710; x_wconf 89' lang='lat' dir='ltr'>piunt</span> <span class='ocrx_word' id='word_1_206' title='bbox 290 2645 457 2710; x_wconf 88' lang='lat' dir='ltr'>anapestum.</span> <span class='ocrx_word' id='word_1_207' title='bbox 482 2639 531 2695; x_wconf 87' lang='lat' dir='ltr'>hac</span> <span class='ocrx_word' id='word_1_208' title='bbox 556 2656 666 2714; x_wconf 89' lang='lat' dir='ltr'>quoque</span> <span class='ocrx_word' id='word_1_209' title='bbox 688 2641 818 2696; x_wconf 87' lang='lat' dir='ltr'>uarietate</span> <span class='ocrx_word' id='word_1_210' title='bbox 840 2657 906 2696; x_wconf 88' lang='lat' dir='ltr'>usus</span> <span class='ocrx_word' id='word_1_211' title='bbox 929 2647 972 2696; x_wconf 92' lang='lat' dir='ltr'>est</span> <span class='ocrx_word' id='word_1_212' title='bbox 994 2641 1076 2697; x_wconf 86' lang='lat' dir='ltr'>semel</span> <span class='ocrx_word' id='word_1_213' title='bbox 1100 2648 1158 2696; x_wconf 89' lang='lat' dir='ltr'>tan·</span> 
     </span>
    </p>

    <p class='ocr_par' dir='ltr' id='par_1_14' title="bbox 142 2719 1156 2880">
     <span class='ocr_line' id='line_1_30' title="bbox 142 2719 1156 2802; baseline 0.007 -29"><span class='ocrx_word' id='word_1_214' title='bbox 142 2734 179 2774; x_wconf 78' lang='lat' dir='ltr'>rso</span> <span class='ocrx_word' id='word_1_215' title='bbox 193 2730 251 2777; x_wconf 92' lang='lat' dir='ltr'>tum</span> <span class='ocrx_word' id='word_1_216' title='bbox 285 2723 339 2778; x_wconf 91' lang='lat' dir='ltr'>lta:</span> <span class='ocrx_word' id='word_1_217' title='bbox 381 2722 455 2790; x_wconf 81' lang='lat' dir='ltr'>Quos</span> <span class='ocrx_word' id='word_1_218' title='bbox 496 2724 572 2781; x_wconf 90' lang='lat' dir='ltr'>uides</span> <span class='ocrx_word' id='word_1_219' title='bbox 611 2724 707 2781; x_wconf 88' lang='lat' dir='ltr'>sedere</span> <span class='ocrx_word' id='word_1_220' title='bbox 761 2719 879 2802; x_wconf 87' lang='lat' dir='ltr'>[celsos]</span> <span class='ocrx_word' id='word_1_221' title='bbox 937 2725 1002 2781; x_wconf 86' lang='lat' dir='ltr'>Solii</span> <span class='ocrx_word' id='word_1_222' title='bbox 1041 2726 1156 2781; x_wconf 87' lang='lat' dir='ltr'>culmine</span> 
     </span>
     <span class='ocr_line' id='line_1_31' title="bbox 188 2823 1046 2880; baseline -0.003 -18"><span class='ocrx_word' id='word_1_223' title='bbox 188 2823 278 2880; x_wconf 81' lang='lat' dir='ltr'>reges.</span> <span class='ocrx_word' id='word_1_224' title='bbox 854 2858 857 2861; x_wconf 85' lang='grc'><strong>,</strong></span> <span class='ocrx_word' id='word_1_225' title='bbox 1044 2855 1046 2859; x_wconf 83' lang='grc'><strong>,</strong></span> 
     </span>
    </p>

    <p class='ocr_par' dir='ltr' id='par_1_15' title="bbox 190 2891 1152 3138">
     <span class='ocr_line' id='line_1_32' title="bbox 276 2891 1152 2967; baseline 0.003 -20"><span class='ocrx_word' id='word_1_226' title='bbox 276 2891 418 2960; x_wconf 79' lang='lat' dir='ltr'>Quartum</span> <span class='ocrx_word' id='word_1_227' title='bbox 441 2902 468 2950; x_wconf 87' lang='lat' dir='ltr'>ct</span> <span class='ocrx_word' id='word_1_228' title='bbox 490 2898 654 2952; x_wconf 78' lang='lat' dir='ltr'>uicesimum</span> <span class='ocrx_word' id='word_1_229' title='bbox 678 2895 846 2967; x_wconf 74' lang='lat' dir='ltr'>fallentium</span> <span class='ocrx_word' id='word_1_230' title='bbox 875 2894 975 2950; x_wconf 87' lang='lat' dir='ltr'>hahens</span> <span class='ocrx_word' id='word_1_231' title='bbox 1004 2894 1152 2952; x_wconf 90' lang='lat' dir='ltr'>subiectum</span> 
     </span>
     <span class='ocr_line' id='line_1_33' title="bbox 190 2977 1152 3052; baseline 0.004 -20"><span class='ocrx_word' id='word_1_232' title='bbox 190 2977 349 3048; x_wconf 80' lang='lat' dir='ltr'>clepiacum</span> <span class='ocrx_word' id='word_1_233' title='bbox 372 2977 446 3050; x_wconf 90' lang='lat' dir='ltr'>quod</span> <span class='ocrx_word' id='word_1_234' title='bbox 474 2979 558 3035; x_wconf 89' lang='lat' dir='ltr'>semel</span> <span class='ocrx_word' id='word_1_235' title='bbox 586 2981 614 3034; x_wconf 92' lang='lat' dir='ltr'>in</span> <span class='ocrx_word' id='word_1_236' title='bbox 643 2979 696 3036; x_wconf 81' lang='lat' dir='ltr'>lroo</span> <span class='ocrx_word' id='word_1_237' title='bbox 728 2995 810 3052; x_wconf 85' lang='lat' dir='ltr'>opere</span> <span class='ocrx_word' id='word_1_238' title='bbox 844 2980 966 3036; x_wconf 87' lang='lat' dir='ltr'>inuenies</span> <span class='ocrx_word' id='word_1_239' title='bbox 1000 2981 1051 3036; x_wconf 89' lang='lat' dir='ltr'>ita:</span> <span class='ocrx_word' id='word_1_240' title='bbox 1088 2979 1152 3048; x_wconf 82' lang='lat' dir='ltr'>Quid</span> 
     </span>
     <span class='ocr_line' id='line_1_34' title="bbox 191 3061 1152 3138; baseline 0.005 -24"><span class='ocrx_word' id='word_1_241' title='bbox 191 3065 281 3116; x_wconf 87' lang='lat' dir='ltr'>tantos</span> <span class='ocrx_word' id='word_1_242' title='bbox 309 3061 391 3138; x_wconf 34' lang='lat' dir='ltr'>iuuat·</span> <span class='ocrx_word' id='word_1_243' title='bbox 414 3063 529 3119; x_wconf 80' lang='lat' dir='ltr'>excitare</span> <span class='ocrx_word' id='word_1_244' title='bbox 556 3071 647 3120; x_wconf 91' lang='lat' dir='ltr'>motus</span> <span class='ocrx_word' id='word_1_245' title='bbox 690 3064 723 3120; x_wconf 86' lang='lat' dir='ltr'>Et</span> <span class='ocrx_word' id='word_1_246' title='bbox 756 3066 865 3138; x_wconf 87' lang='lat' dir='ltr'>propria</span> <span class='ocrx_word' id='word_1_247' title='bbox 898 3063 983 3122; x_wconf 87' lang='lat' dir='ltr'>latum</span> <span class='ocrx_word' id='word_1_248' title='bbox 1011 3065 1152 3122; x_wconf 89' lang='lat' dir='ltr'>sollicitare</span> 
     </span>
    </p>

    <p class='ocr_par' dir='ltr' id='par_1_16' title="bbox 140 3161 278 3207">
     <span class='ocr_line' id='line_1_35' title="bbox 140 3161 278 3207; baseline 0 -7"><span class='ocrx_word' id='word_1_249' title='bbox 140 3167 175 3207; x_wconf 81' lang='lat'>135</span> <span class='ocrx_word' id='word_1_250' title='bbox 190 3161 278 3201; x_wconf 76' lang='lat' dir='ltr'>litanti.</span> 
     </span>
    </p>
   </div>
   <div class='ocr_carea' id='block_1_3' title="bbox 189 3357 1131 3546">
    <p class='ocr_par' dir='ltr' id='par_1_17' title="bbox 189 3357 1131 3546">
     <span class='ocr_line' id='line_1_36' title="bbox 259 3357 1131 3426; baseline 0.003 -15"><span class='ocrx_word' id='word_1_251' title='bbox 259 3363 308 3412; x_wconf 82' lang='lat'>114</span> <span class='ocrx_word' id='word_1_252' title='bbox 331 3357 523 3426; x_wconf 75' lang='lat' dir='ltr'>spondeomM</span> <span class='ocrx_word' id='word_1_253' title='bbox 595 3366 642 3414; x_wconf 77' lang='lat'>117</span> <span class='ocrx_word' id='word_1_254' title='bbox 656 3361 820 3415; x_wconf 67' lang='lat' dir='ltr'>clemaniim</span> <span class='ocrx_word' id='word_1_255' title='bbox 833 3366 864 3414; x_wconf 88' lang='lat' dir='ltr'><em>M</em></span> <span class='ocrx_word' id='word_1_256' title='bbox 934 3367 981 3416; x_wconf 89' lang='lat'>118</span> <span class='ocrx_word' id='word_1_257' title='bbox 1000 3365 1131 3416; x_wconf 79' lang='lat' dir='ltr'>acatalecl</span> 
     </span>
     <span class='ocr_line' id='line_1_37' title="bbox 189 3429 1131 3546; baseline 0.005 -67"><span class='ocrx_word' id='word_1_258' title='bbox 189 3429 239 3546; x_wconf 39' lang='lat' dir='ltr'>{stiffi</span> <span class='ocrx_word' id='word_1_259' title='bbox 258 3431 441 3546; x_wconf 52' lang='lat' dir='ltr'>mffiiunpnelpqro</span> <span class='ocrx_word' id='word_1_260' title='bbox 454 3430 487 3480; x_wconf 90' lang='lat' dir='ltr'><em>M</em></span> <span class='ocrx_word' id='word_1_261' title='bbox 555 3429 604 3483; x_wconf 83' lang='lat'>130</span> <span class='ocrx_word' id='word_1_262' title='bbox 617 3431 706 3484; x_wconf 87' lang='lat' dir='ltr'>celsos</span> <span class='ocrx_word' id='word_1_263' title='bbox 719 3449 766 3486; x_wconf 85' lang='lat' dir='ltr'>om.</span> <span class='ocrx_word' id='word_1_264' title='bbox 785 3433 844 3484; x_wconf 75' lang='lat' dir='ltr'>MA</span> <span class='ocrx_word' id='word_1_265' title='bbox 916 3435 965 3485; x_wconf 89' lang='grc'>134</span> <span class='ocrx_word' id='word_1_266' title='bbox 983 3433 1131 3484; x_wconf 86' lang='lat' dir='ltr'>solcitarel</span> 
     </span>
    </p>
   </div>
   <div class='ocr_carea' id='block_1_4' title="bbox 0 0 1232 3912">
    <p class='ocr_par' dir='ltr' id='par_1_18' title="bbox 0 0 1232 3912">
     <span class='ocr_line' id='line_1_38' title="bbox 0 0 1232 3912; baseline 0 3"><span class='ocrx_word' id='word_1_267' title='bbox 0 0 1232 3912; x_wconf 95' lang='lat' dir='ltr'> </span> 
     </span>
    </p>
   </div>
  </div>
 </body>
</html>
