2458 3912
583 213 705 253 xxxvtlt

104 364 215 429 millen
238 365 322 420 rnalns
345 365 391 420 ille
413 381 497 439 sopor
520 381 574 439 quo
599 367 789 420 irenit‘mortis
813 367 928 422 amatori
1016 394 1018 406 ι

199 467 278 506 omne
302 449 375 523 qood
398 459 439 505 est
463 450 603 523 genitum,
628 449 713 505 tendit
736 449 768 505 ad
792 451 943 506 interitum.

156 534 224 590 lloc
246 537 282 589 in
304 535 520 608 sarcophago
543 535 633 590 iacet
656 551 735 590 ecce
757 535 905 590 Boecius
929 544 1007 592 arto

198 636 341 692 magnus
365 627 397 674 et
420 618 615 676 omnimodo
639 619 916 693 magnificandus
940 620 1063 690 homo,

130 702 240 772 aQuetn
263 705 357 778 sophia
380 705 435 760 suis
459 720 507 776 pre
530 705 633 760 cunctis
656 706 772 778 compsit
795 703 937 778 alumpniS,
1028 765 1032 774 ‚

113 813 119 826 .
199 787 283 856 Quem
306 787 357 844 sihi
381 788 481 860 grande
505 788 588 845 decus
611 789 727 844 contulit
750 790 808 862 ipsc
831 787 909 844 dens.

155 873 218 928 Nam
241 873 329 930 sactus
353 873 449 929 consul
472 890 533 928 eum
555 875 624 930 natis
647 875 705 947 ipse
728 873 836 929 duobus

198 956 282 1013 Rome
305 959 483 1031 conspicuum
507 965 551 1013 est
573 957 682 1013 habitus
705 958 857 1032 speculum.

155 1042 253 1115 Sparsa
275 1059 325 1115 per
347 1041 481 1117 Europam
505 1042 619 1117 uulgant
642 1060 690 1098 sua
713 1042 840 1118 dogmata
863 1049 959 1114 totam,

117 1138 142 1175 1⁰
199 1143 252 1200 qua
274 1126 326 1183 luit
349 1136 376 1183 et
399 1128 497 1183 merito
521 1127 609 1183 clarus
632 1136 659 1184 ot
682 1129 802 1198 ingenio.

154 1210 219 1266 Nam
241 1210 319 1268 nohis
342 1212 450 1285 logicen
472 1212 505 1267 de
529 1229 611 1286 greco
635 1212 773 1268 transtulit
796 1222 892 1283 artem,

197 1294 338 1352 Conmenti
361 1298 469 1370 gemino
493 1313 571 1370 quam
595 1304 698 1352 reserat
720 1296 805 1352 radio.

155 1380 293 1437 tlatlnolice
317 1398 412 1436 uerum
436 1381 498 1437 fidei
514 1380 587 1437 dedit
611 1391 638 1438 et
660 1381 853 1444 documentum

198 1472 226 1520 et
248 1482 298 1521 nos
322 1465 450 1522 informat
471 1468 574 1522 musica
597 1483 704 1539 queque
727 1474 814 1523 sonat.

116 1548 217 1616 utini
247 1549 472 1606 Theoderico
496 1549 637 1606 delatus
661 1550 698 1606 ab
721 1551 837 1606 indice
860 1551 948 1606 licto

196 1634 332 1706 Papiam
355 1635 490 1690 senium
514 1634 613 1690 duxit
634 1636 667 1690 in
691 1634 852 1704 exilium,

154 1717 188 1773 ln
212 1735 333 1791 quase
355 1727 499 1774 mestum
522 1718 642 1774 solans
665 1718 761 1774 dedit
784 1720 865 1775 iude
889 1718 1075 1794 libellum,

195 1811 275 1876 post
298 1804 394 1859 ictus
417 1802 535 1876 gladio
565 1805 655 1860 exiit
678 1821 693 1859 e
716 1803 840 1862 medio.

154 1885 226 1962 Ergo
249 1889 290 1942 sui
312 1887 396 1943 frater
418 1904 521 1943 memor
543 1897 619 1960 esto,
643 1890 682 1945 tni
705 1890 741 1944 sit
763 1897 793 1944 ut
816 1888 895 1958 alter,

115 1985 140 2024 20
196 1980 223 2027 et
246 1989 326 2045 prece
348 1988 431 2046 posce
454 1971 521 2045 sibi,
546 1973 618 2046 quod
642 1975 718 2048 cupis
741 1989 802 2028 esse
826 1973 883 2029 tibi.

249 2151 290 2214 A.
314 2151 359 2214 M.
384 2149 417 2216 S.
440 2151 600 2216 Boethius
624 2151 793 2216 Exconsul
815 2161 848 2216 et
870 2152 1035 2218 Patricius

112 2293 135 2342 V
157 2295 277 2350 Inuictus
301 2301 428 2350 constans
451 2295 578 2366 Anicius,
601 2303 678 2350 ortus
701 2312 734 2350 ex
757 2294 835 2365 urhe,

154 2380 284 2451 Torquati
305 2395 413 2452 genus,
437 2378 567 2434 exconsul
592 2379 709 2435 famosus
733 2387 760 2436 et
783 2379 845 2435 exul

153 2462 341 2537 Patriciusque
363 2462 450 2518 honus
474 2479 552 2536 mage
576 2463 680 2518 ciuibus
706 2473 787 2537 atque
810 2459 964 2537 collect,

153 2545 245 2620 Usque
267 2554 348 2621 caput
369 2547 472 2622 iugulis
495 2563 598 2621 genero
622 2549 768 2605 comitante
791 2550 920 2606 seruauit.

221 2763 279 2814 1111
302 2765 402 2813 tertium
425 2778 526 2812 carmen
549 2765 726 2827 amplificatum
745 2767 780 2814 ad
797 2765 852 2814 XX
868 2781 958 2816 uersus
975 2766 1040 2816 tiber
1061 2766 1132 2818 Tre-

153 2833 236 2880 centis
254 2849 279 2882 u.
300 2833 405 2882 13813.
426 2829 504 2879 XIII
522 2828 619 2882 habet·
639 2833 767 2896 descripsi
784 2849 819 2882 cco
837 2836 954 2898 catolopo
973 2831 1131 2900 (citatoque

155 2901 200 2948 des
221 2899 288 2948 Mas.
307 2900 353 2949 dea
371 2898 429 2948 bibl.
448 2898 517 2962 publ.
539 2901 584 2948 des
603 2900 793 2962 departementa
812 2900 845 2949 II
861 2901 971 2964 pith).

224 2969 255 3016 19
275 2967 330 3025 tui,
350 2965 431 3015 litut
451 2965 523 3016 alter
540 2965 659 3032 Catalopi
676 2975 777 3029 auctor,
798 2971 867 3033 quod
884 2970 998 3020 correxi.

222 3036 246 3084 V
264 3034 312 3084 hoc
328 3049 430 3084 carmen
448 3049 484 3083 ecc
507 3035 594 3084 codice
611 3035 736 3085 Leidcuri
754 3053 778 3087 n.
797 3037 847 3086 466
870 3053 891 3087 s.
912 3036 957 3086 XI
980 3036 1128 3102 (Compen-

157 3100 232 3150 dinm
250 3100 358 3166 logicae
378 3117 412 3150 ex
430 3100 548 3152 Boethio
567 3107 596 3151 et
614 3101 750 3166 Appuleio
770 3103 956 3155 Grammatico
976 3105 1125 3157 conflatum

155 3169 260 3220 duobus
279 3168 369 3234 libris)
390 3170 528 3233 descripsit
543 3169 642 3220 Gccliua
660 3175 759 3234 recepit
770 3171 870 3223 literius
886 3173 1058 3238 Antholopiae
1075 3179 1126 3226 uol.

155 3237 188 3285 ΙΙ
207 3255 230 3286 u.
250 3239 307 3290 tet.
343 3253 390 3302 epo
416 3239 463 3286 uix
492 3239 594 3287 credam
619 3243 745 3289 cucculum
762 3239 791 3290 X
812 3241 875 3291 illud
899 3256 1034 3305 superare,
1062 3256 1125 3293 nem

154 3311 215 3356 ctu.
230 3308 246 3354 4
264 3304 367 3369 iugulis
374 3321 426 3368 pro
445 3303 546 3369 gladiis
565 3301 613 3370 (cf.
626 3305 747 3371 Graupius)
764 3310 851 3372 posuit
869 3317 959 3358 auctor
977 3315 1003 3358 ct
1021 3325 1121 3375 genero

154 3388 202 3435 pro
227 3373 321 3423 socero
347 3371 408 3437 (pro
435 3379 542 3437 aquato,
567 3374 642 3435 affini
662 3375 770 3438 pomum
793 3376 908 3440 opnoscit
925 3376 1066 3441 Gaupiusjt
1088 3381 1121 3428 cic

154 3455 235 3503 supra
258 3442 286 3490 V
300 3443 333 3492 24
356 3443 403 3505 qui
426 3441 480 3490 fuit
503 3456 589 3506 gener
613 3441 672 3492 eins
699 3443 725 3492 in
748 3446 835 3494 codice
856 3445 889 3506 G,
916 3446 981 3509 quia
1005 3445 1025 3498 f.
1048 3445 1125 3496 locet

156 3509 215 3557 eius
234 3513 259 3556 in
279 3509 302 3557 A
321 3511 421 3573 lepitur.
458 3511 494 3559 ad
510 3509 573 3560 hoec
590 3527 614 3559 u.
633 3511 648 3560 8
672 3510 808 3561 artificale
830 3528 881 3576 pro
900 3511 1058 3576 artificiale,
1077 3529 1125 3564 nec
