2458 3912
598 209 667 250 xxti

147 363 274 420 Iohanni
295 365 416 419 diacono
439 360 457 415 C
480 378 588 435 quoque
611 362 741 436 adiungit.
765 361 916 418 Pleniorem
939 361 1049 417 titulum
1071 378 1120 416 eo·

147 448 198 504 dcx
221 448 362 504 Vaticanus
384 446 458 503 solus
474 445 582 503 exhibet
605 463 687 520 quem
708 463 790 520 supra
805 444 949 519 descripsi.
973 447 1016 502 cui
1033 461 1120 520 quare

147 535 276 589 maiorem
298 530 378 588 iidem
401 547 480 604 quam
502 533 568 588 meis
591 529 719 602 habeam,
742 547 798 588 uon
820 540 862 596 est
884 547 989 587 causae.
1034 529 1120 597 Quar-

146 625 191 672 tus
226 616 343 692 denique
375 615 443 672 liber
470 617 542 673 omni
571 617 748 689 inscriptione
784 624 857 672 caret
885 617 912 670 in
940 615 998 687 ΤΒ,
1033 619 1120 670 tetam

146 705 297 774 epistulam
326 706 355 758 in
384 704 450 758 aliis
477 699 559 758 libris
585 719 643 758 non
672 704 802 758 inueniri
830 708 948 756 testatur
977 703 1013 773 d3
1045 700 1119 755 hunc

146 803 256 860 qaoque
272 785 370 843 iibraru
386 785 491 858 Boetia,
512 787 558 858 qai
577 784 701 842 omnihus
727 784 880 842 nominibus
902 784 1045 858 solitisque
1068 785 1119 839 ho·

145 869 258 927 noribus
281 870 410 942 eiiertur,
441 869 460 924 E
484 869 623 925 attribuit:
654 869 725 926 unde
754 869 837 926 etde
869 870 958 942 quarti
988 868 1050 925 libri
1070 885 1119 923 au·

145 963 222 1012 ctore
245 956 309 1012 satis
325 955 489 1029 locupletem
513 963 608 1010 testem
632 953 747 1028 probare
770 964 903 1011 uctamur.
934 954 1011 1008 Hnuc
1027 963 1119 1011 autem

144 1039 242 1095 librum
266 1056 300 1094 ne
323 1047 446 1096 auctores
471 1039 579 1113 quidem
602 1039 703 1095 Thoma
727 1038 859 1113 Aquinate
882 1040 997 1094 maiores
1020 1047 1118 1093 nostro

145 1124 364 1198 adscripserunt,
389 1125 454 1198 quin
476 1123 547 1180 beati
562 1125 707 1197 Augustini
730 1140 791 1179 esse
807 1123 880 1178 nulia
895 1125 989 1179 aetatis
1012 1124 1118 1178 ratione

146 1207 234 1264 habita
264 1210 309 1283 qui
333 1209 434 1265 decreti
458 1207 575 1264 Gratiani
599 1208 707 1264 titulum
722 1207 752 1263 P.
775 1207 785 1260 l
810 1207 838 1263 i).
856 1207 886 1263 tit
910 1225 931 1263 c.
957 1207 975 1263 8
998 1208 1118 1279 scripsit,

148 1292 281 1367 perhibet.

231 1377 305 1434 Hanc
327 1387 416 1434 autern
439 1377 571 1436 libroruin
595 1377 767 1434 traditionem
784 1393 875 1433 aeram
899 1393 958 1432 esse
979 1386 1007 1432 et
1022 1385 1119 1432 contra

145 1480 193 1518 eos
217 1464 264 1535 qui
286 1464 407 1519 omnium
430 1471 568 1519 auctorent
591 1462 715 1518 Boetium
737 1461 865 1533 credant,
889 1470 919 1516 ut
940 1461 1054 1516 Bauium
1078 1468 1119 1515 at·

146 1564 199 1620 qne
223 1546 399 1618 Suttuerum,
429 1556 456 1602 et
486 1549 531 1620 qui
559 1546 677 1620 nuliius,
707 1546 783 1603 uelut
806 1545 971 1602 Nitzschium
999 1553 1026 1601 et
1054 1546 1119 1600 Jor-

145 1630 262 1703 danum,
294 1633 491 1687 contumaciter
512 1631 717 1703 contenderim,¹
745 1646 862 1705 quorum
892 1632 935 1687 hic
965 1629 1010 1702 (de
1043 1631 1119 1685 l'ori·

146 1717 210 1789 gine
242 1715 290 1772 des
325 1715 467 1772 traditions
498 1731 546 1770 sur
572 1717 598 1772 ie
627 1717 826 1772 christianismo
856 1715 1010 1783 (iehabca,
1045 1714 1118 1770 Paris

148 1799 230 1856 1861
253 1818 281 1874 p.
305 1799 356 1866 26)
382 1818 396 1856 a
418 1800 522 1857 boetho
551 1800 656 1857 Africae
687 1802 816 1874 episcopo
840 1801 887 1874 qui
916 1799 979 1857 exal
1002 1798 1068 1855 obiit
1091 1801 1119 1854 in

146 1883 266 1940 Sardinia
290 1886 444 1941 coniectura
473 1887 537 1940 satis
568 1887 692 1958 speciosa
718 1886 861 1959 conposita
889 1884 935 1940 illa
964 1886 1118 1958 suspicatus

146 1977 205 2040 est,
228 1967 379 2026 Nitzsohius
403 1985 487 2026 unum
510 1986 543 2026 ex
565 1969 669 2026 Sanctis
691 1970 745 2026 iliis
767 1970 902 2026 Seuerinis
932 1986 1001 2043 quos
1024 1969 1119 2026 catho-

146 2053 197 2108 lica
230 2050 295 2110 fides
329 2056 453 2128 agnoscit
483 2063 621 2112 auctorem
655 2071 725 2111 esse.
775 2053 907 2129 Equidem
942 2055 1007 2127 quin
1038 2062 1118 2108 natus

147 2137 229 2193 fuerit
251 2139 361 2194 Boetius
384 2139 548 2194 christianus
571 2155 683 2214 eamque
706 2139 785 2196 fidem
808 2138 950 2212 professus
965 2139 1002 2193 sit
1026 2137 1118 2194 nullus

146 2221 254 2279 daidto:
278 2239 358 2296 quam
372 2240 430 2280 rem
453 2241 535 2298 quare
558 2231 612 2280 tam
627 2225 705 2282 mtdti
728 2225 849 2280 homines
865 2224 893 2279 in
916 2220 1114 2278 dubitationem

146 2310 321 2378 accederint,
350 2325 430 2364 caasa
456 2316 544 2382 patet:
579 2326 641 2366 nam
669 2307 722 2366 hdo
749 2308 893 2364 christiana
923 2307 1072 2363 abiudicata
1102 2325 1116 2360 a

144 2391 318 2467 philosopho
339 2391 371 2447 de
405 2401 516 2448 auctore
545 2410 659 2467 operum
687 2393 825 2450 christiani
855 2394 1009 2466 argumenti
1037 2391 1115 2447 nulia

146 2493 227 2549 opera
256 2476 344 2532 decisa
377 2481 436 2532 erat
468 2479 601 2549 quaestio.
643 2479 730 2552 igitur
758 2478 837 2534 aliam
866 2478 938 2532 uiam
972 2477 1116 2551 ingressus

145 2559 338 2632 Scirenhclius,
368 2569 398 2616 ut
426 2560 515 2618 denuo
545 2562 613 2617 hane
642 2564 828 2637 qaaestionem
859 2570 976 2618 tractans
1000 2577 1115 2634 prorsus

145 2644 218 2700 nulla
248 2647 354 2701 ratione
387 2643 476 2700 habita
514 2647 607 2702 haram
648 2648 898 2704 conmentatiouum
939 2642 1118 2703 christianam

145 2729 229 2785 icisse
252 2729 328 2786 ilium
352 2747 384 2786 ex
406 2746 496 2786 rerum
519 2729 687 2804 publicarum
709 2748 777 2806 quae
793 2740 859 2787 tunc
874 2739 932 2786 erat
957 2729 1117 2786 condicione

145 2815 258 2888 aliisque
287 2815 319 2870 de
348 2816 435 2872 causis
465 2815 591 2873 redderet
621 2816 779 2890 probabile,
808 2832 864 2873 non
887 2814 929 2870 rr.
953 2814 1051 2872 Haasio
1074 2831 1119 2869 so·
1220 2872 1225 2883 ,

144 2899 201 2955 lain
235 2901 281 2971 qui
315 2902 405 2973 paucis
437 2900 545 2973 quidem
573 2907 600 2956 at
636 2902 804 2976 grauissimis
841 2898 933 2960 uerbis
965 2898 1119 2956 Schenheiii

145 2984 295 3039 orationem
324 2993 486 3057 prosecutus
515 2994 557 3040 est
585 2985 826 3060 (Verhandhmgen
855 3003 882 3058 p.
914 2983 983 3056 93),
1014 2983 1062 3042 sed
1091 2991 1120 3040 et

144 3069 202 3122 aliis
226 3069 272 3140 qui
295 3067 404 3124 aderant
432 3085 517 3142 paene
545 3073 715 3143 persuasisse
743 3079 785 3126 est
814 3067 976 3127 credendus.
1014 3067 1119 3135 Quodsi

144 3153 177 3208 de
200 3153 264 3226 ipsis
289 3152 415 3226 operibus
444 3156 527 3210 sacris
556 3156 662 3228 agitur,
692 3157 738 3228 qui
767 3156 918 3212 accuratius
948 3171 978 3209 ea
1008 3161 1118 3228 praeter

143 3237 260 3292 Bnuram
281 3245 469 3309 perscrutatus
492 3247 534 3294 est
555 3236 728 3311 Nitzsehius,
758 3240 790 3295 ad
818 3238 1022 3296 discernendam
1046 3239 1115 3294 hanc

144 3323 331 3395 quaestionem
354 3330 446 3380 utrum
474 3325 529 3379 sint
552 3323 628 3381 Roeti
649 3341 749 3394 necue,
782 3325 954 3398 grauissimas
987 3323 1050 3380 inde
1072 3339 1117 3378 res

142 3406 273 3480 protulit;
297 3416 415 3481 atquae
445 3408 576 3482 protulit,
606 3411 644 3464 eis
673 3410 701 3466 in
730 3411 890 3465 contrariam
921 3415 1026 3482 partem
1049 3423 1115 3462 usus

142 3502 193 3548 est.
230 3489 300 3548 Nihil
322 3493 387 3548 mihi
409 3511 471 3550 eum
493 3509 526 3550 eo
549 3496 750 3551 controuersiae
779 3502 821 3550 est
844 3493 877 3548 de
906 3493 990 3550 iidei
1014 3493 1113 3550 chri·
