2458 3912
382 185 674 238 consonnrronrs
692 188 706 239 1
1010 184 1030 250 9

75 360 226 423 familiares
252 359 445 439 inprudentia
474 365 537 420 rata
562 359 721 420 nonnullos
755 377 860 422 eorum
887 359 1030 440 profanae

18 435 23 532 *p
72 445 266 508 multitudinis
289 463 395 506 errore
417 447 576 523 peruertit.
608 442 691 515 Quod
715 446 742 504 si
765 464 821 506 nec
835 431 1030 524 Anaxagorae

18 535 21 608 ζ
75 533 164 610 lugam
193 548 251 591 neo
283 529 416 591 Socratis
450 548 601 591 uenenum
633 548 688 591 nec
721 529 850 592 Zenonis
881 538 1030 592 tormenta

76 619 204 698 quoniam
227 622 297 676 sunt
318 617 479 694 peregrina
508 617 636 686 nouisti‚
660 623 690 676 at
718 615 824 677 Genios
847 623 877 677 at
900 616 1031 677 Senecas
1044 628 1071 669 ³0

18 685 22 784 l
75 711 101 764 at
120 701 246 763 Soranos
268 718 394 781 quorum
416 719 473 761 neo
494 707 668 780 peruetusta
697 718 752 762 nec
781 700 944 762 incelebris
968 720 1031 762 me·

18 785 20 820 ³
76 789 159 848 moria
181 793 240 856 est,
264 789 342 847 scire
365 788 501 864 potuisti.
546 785 625 857 Quos
647 786 722 846 nihil
750 786 830 847 aliud
859 787 890 846 in
918 786 1032 848 cladem

18 869 22 952 l
75 873 190 934 detraxit
213 873 272 932 nisi
295 872 374 952 quod
396 873 508 933 nostris
530 870 666 933 morihus
688 873 819 933 instituti
845 870 954 940 studiis
975 873 1030 931 im-

18 993 19 996 =
74 957 229 1038 proborum
245 957 437 1018 dissimillimi
453 957 645 1019 uidebantur.
676 957 778 1037 Itaque
800 957 877 1018 nihil
892 955 1031 1036 estquod

75 1045 240 1113 annitere,
265 1045 290 1104 si
320 1043 350 1102 in
373 1042 430 1102 hoc
452 1044 533 1105 uitae
562 1042 624 1104 salo
652 1042 909 1114 circumdantibus
938 1045 1071 1120 agiae-aa

76 1147 135 1190 mur
155 1128 310 1208 procellis,
335 1126 445 1209 quihus
467 1127 524 1187 hoc
546 1129 675 1189 maxime
692 1130 881 1209 propositum
897 1135 943 1188 est
964 1145 1032 1206 pes·

76 1215 152 1275 sinis
174 1211 342 1291 displicere.
373 1211 507 1283 Quorum
523 1213 644 1292 qnidam
658 1215 778 1275 tametsi
794 1221 840 1275 est
855 1231 1033 1274 numerosus

78 1301 231 1368 exercitus,
256 1298 443 1378 spernendus
466 1305 566 1359 tamen
589 1305 647 1367 est,
677 1300 820 1378 quoniam
846 1298 928 1359 nullo
956 1298 1032 1358 duce

18 1421 24 1448 a
75 1386 196 1464 regitur,
219 1385 272 1446 sed
296 1400 399 1445 errore
423 1390 538 1444 tantum
561 1392 676 1443 temere
692 1400 725 1443 ao
741 1385 853 1463 passim
870 1382 1032 1462 limphanie

18 1501 20 1542 t
77 1477 208 1549 raptatur.
254 1467 312 1539 Qui
335 1470 362 1529 si
386 1469 503 1548 quando
527 1474 629 1529 contra
652 1487 707 1529 nos
729 1467 822 1529 aciem
846 1473 965 1528 struens
981 1485 1033 1528 ua·
1047 1479 1072 1520 40

18 1557 22 1620 l
76 1555 175 1616 lentior
197 1553 387 1625 incubuerit,
411 1561 512 1615 nostra
540 1554 658 1634 quidem
688 1553 748 1614 dux
777 1554 878 1631 copias
905 1571 974 1614 suas
1001 1553 1034 1612 in

77 1657 164 1701 arcem
186 1639 354 1710 contrahit,
378 1639 422 1700 illi
438 1658 511 1700 uero
530 1641 609 1700 circa
625 1639 811 1719 diripiendas
825 1639 948 1700 inutiles
971 1656 1033 1699 sar·

77 1725 179 1787 cinulas
201 1732 396 1805 occupantur.
427 1726 463 1786 Aa
485 1744 540 1786 nos
563 1724 691 1805 desuper
706 1723 873 1785 inridemus
891 1723 1034 1786 uilissima

18 1835 22 1886 l
77 1829 167 1872 rerum
189 1829 327 1891 quaeque
350 1809 502 1889 rapientes
524 1813 624 1871 securi
646 1812 738 1871 totius
760 1811 868 1871 luriosi
891 1808 1034 1870 tumultus

77 1915 159 1977 eoque
186 1896 265 1957 uallo
293 1897 402 1957 muniti
436 1914 495 1975 quo
523 1898 670 1974 grassanti
705 1895 850 1957 stultitiae
880 1895 1032 1973 adspirare
1047 1905 1074 1947 45

18 1977 20 2036 l
76 1981 114 2042 las
134 2000 190 2042 non
213 1984 260 2043 sit.

18 2159 22 2194 ·’
78 2165 125 2228 ΙΙΠ
152 2167 294 2249 Quisquis
317 2169 472 2246 conposito
496 2186 620 2228 serenus
643 2185 717 2228 aeuo

153 2254 258 2315 Fatum
281 2253 336 2314 suh
358 2252 487 2332 pedihus
509 2255 595 2314 dedit
617 2251 780 2332 superbum

153 2337 376 2418 Fortunamque
398 2345 486 2400 tuens
510 2344 664 2418 utramque
687 2344 788 2398 rectus

154 2423 303 2486 Inuictum
325 2425 422 2501 potuit
443 2431 548 2484 tenere
569 2424 698 2484 uultum:

138 2680 169 2728 37
190 2679 260 2744 inpr.
281 2678 331 2727 ΤΚ
353 2677 358 2739 Ι
382 2673 523 2742 profanes!
544 2676 570 2727 K
645 2678 678 2727 28
701 2691 794 2726 errore
817 2692 863 2726 om.
883 2675 913 2723 K
918 2672 926 2706 ¹
1003 2675 1037 2723 29

18 2759 21 2806 i
82 2743 178 2810 lugam]
204 2765 229 2800 a.
250 2747 326 2810 Diop.
348 2747 439 2799 Locri.
464 2745 496 2794 II
516 2747 549 2794 12
574 2741 578 2808 Ι
602 2742 751 2808 tormenta]
773 2745 824 2794 nid.
846 2744 921 2806 Da'op.
944 2741 1035 2791 Laert.

18 2807 22 2898 Τ
85 2811 168 2864 VIIII
186 2817 220 2864 26
236 2831 293 2880 sqq.
330 2813 419 2864 Cicero
438 2815 470 2863 de
488 2820 541 2862 nat.
560 2815 632 2864 deor.
650 2811 702 2862 III
720 2814 754 2862 82
793 2813 852 2861 Vol.
866 2810 943 2861 Μαω.
957 2807 1009 2859 III
1020 2811 1038 2860 3

18 2939 21 2982 a
80 2911 169 2964 Ecc2
236 2918 272 2968 30
288 2915 429 2980 perigrino
451 2913 473 2962 Ii
495 2889 593 2982 pegrrne
611 2913 640 2963 K
654 2910 658 2977 1
675 2911 786 2977 Genios]
806 2911 906 2976 infra]
919 2914 970 2962 487
988 2909 1039 2962 Oa-

18 2993 21 3046 a
80 2980 124 3032 nii.
141 2984 170 3034 de
187 2983 259 3034 Iulio
277 2985 357 3034 Kane
374 2985 407 3038 cf.
420 2981 520 3034 Seneca
541 2984 572 3032 de
591 2989 676 3048 tranq.
690 2980 786 3031 XIIII
799 2983 866 3030 4-9
885 2978 1037 3045 {Senecas}

18 3091 20 3096 .
85 3045 138 3103 Ταο,
156 3053 188 3101 A.
207 3051 265 3102 XV
279 3052 314 3102 60
331 3066 366 3107 as.
441 3053 472 3102 31
493 3049 626 3115 Soranos]
650 3049 709 3098 Teo.
729 3049 763 3098 A.
781 3049 855 3099 XVI
872 3053 908 3102 23
926 3061 961 3100 aa.
977 3046 982 3115 1
997 3047 1039 3097 in·

134 3151 187 3204 bril
202 3153 227 3203 E
296 3155 329 3204 33
347 3152 417 3217 inpr.
436 3153 463 3202 K
532 3154 564 3204 34
583 3116 656 3217 quod
674 3151 699 3200 E
757 3151 835 3202 3435
853 3150 971 3215 quodam
989 3149 1038 3198 mi·

138 3221 182 3270 'K
198 3222 350 3272 ammiraere
371 3219 395 3269 Τ
472 3223 573 3272 37—39
592 3219 701 3285 quidem
719 3224 776 3269 tam
795 3219 862 3269 duee
881 3221 988 3284 regitur
1007 3216 1039 3277 (s.

134 3326 135 3334 .
153 3296 203 3341 ont.
222 3306 268 3343 m.:
288 3290 338 3339 etii
356 3289 396 3338 est
415 3303 486 3340 num.
506 3304 585 3354 nsque
603 3291 639 3338 od
655 3283 743 3352 nullo)
761 3287 787 3336 E
863 3289 895 3338 37
913 3299 1038 3335 numero·

18 3353 21 3370 '
130 3360 167 3407 alt
184 3357 209 3406 Α
278 3359 311 3409 39
329 3353 433 3422 lyinph.
455 3357 502 3406 TE
519 3355 608 3422 lipare
628 3353 698 3422 (inte
716 3372 737 3408 s.
755 3355 827 3418 add.)
845 3355 874 3405 Κ
935 3355 968 3403 43
986 3353 1038 3405 inr.

162 3427 194 3476 45
213 3425 288 3490 adlp.
311 3425 360 3475 ΤΚ
382 3421 511 3490 aspirans
527 3425 552 3475 E

141 3524 170 3576 C.
187 3525 256 3594 1111]
295 3529 408 3592 laonp.
430 3526 481 3576 ΤΚ
548 3528 641 3592 degit
660 3524 700 3591 ωβ
726 3524 802 3574 dedit
821 3525 851 3574 ci.
871 3522 1041 3590 R.A9ra'colo
