2458 3912
488 218 602 261 XXVIIII

144 371 282 440 Quintum
304 375 332 428 at
353 375 519 429 uicesimum
547 343 634 446 penus
658 379 700 428 est
719 375 839 430 mixtum
860 374 953 428 uariis
979 387 1029 444 pe·

47 459 144 514 dibus
165 456 239 530 quod
261 456 396 512 incertum
427 472 481 530 quo
509 458 681 530 potissimum
703 455 799 512 debeat
821 457 926 513 censeri
949 472 1029 512 uoca-

48 541 134 598 laulo.
175 543 230 597 Aut
258 542 329 597 euim
352 540 504 598 dactilicum
533 544 666 600 adonium
688 541 740 598 erit
763 540 836 615 quod
859 558 908 615 pro
931 540 1029 598 dactilo

4 618 8 619 ’
50 628 115 683 siue
139 643 191 703 pro
214 625 338 700 spondeo
361 634 518 699 anapestum
545 628 658 701 recipiat
688 634 735 682 aut
757 625 909 683 dactilicum
932 627 1030 682 archi·

49 712 185 768 lochium
207 717 398 768 tetrametrum
421 711 495 785 quod
521 711 592 768 idenr
619 729 669 786 pro
698 710 820 786 spondeo
847 712 905 767 siue
930 710 1030 768 dactilo
1046 729 1083 768 rto

51 804 219 870 anapestum
241 793 428 852 indifferenter
457 795 590 853 admittat.
633 797 697 852 llam
726 795 910 871 anapesticum
932 797 1033 852 sentire

53 880 130 937 ratio
154 870 293 937 dissuadet
315 879 424 954 quaudo
453 881 577 955 spondeo
601 881 646 938 uel
674 880 773 938 dactilo
796 896 876 955 quam
904 889 1032 955 anapesto

52 967 245 1038 compositum
268 966 313 1021 sit.
353 982 419 1022 usus
442 974 533 1027 autem
556 975 598 1023 est
627 967 680 1023 hoc
709 981 811 1042 genere
832 965 942 1024 Boetius
965 964 1033 1022 duo·

53 1049 108 1105 bus
135 1058 240 1106 tanturn
264 1049 332 1106 locis
355 1067 471 1124 quorum
494 1051 639 1125 primordia
662 1051 822 1108 subnotaui:
855 1049 883 1106 st
906 1051 946 1106 uis
968 1050 1032 1106 celsi

53 1136 116 1190 iura
140 1135 271 1191 tonantis.
310 1133 446 1202 Quaenam
470 1135 576 1192 discors
599 1134 689 1193 ledere
711 1153 812 1193 rerum.
1044 1145 1081 1185 14⁵

144 1219 268 1276 Sextum
290 1226 318 1276 et
345 1223 511 1278 uicesimum
536 1211 704 1279 dactilicum
725 1221 935 1278 archilochium
957 1220 1032 1295 quod

55 1311 168 1360 corrstat
190 1309 351 1361 tetrametro
372 1305 528 1362 catalectico
551 1305 625 1380 quod
646 1304 731 1363 semel
753 1306 847 1379 posuit
868 1305 956 1362 solum
979 1307 1033 1362 hoc

56 1389 157 1445 modo:
180 1388 255 1444 Puro
279 1388 380 1446 clarum
402 1390 504 1446 lumine
527 1389 672 1464 phoebum.

145 1471 302 1546 Septimum
326 1481 353 1532 et
375 1478 542 1532 uicesimum
565 1475 773 1532 archilochium
795 1482 925 1530 constans
949 1482 1030 1530 tetra·

54 1566 145 1614 metro
159 1556 294 1616 bucolico
311 1567 338 1615 et
362 1560 447 1616 tribus
471 1561 600 1617 trocheis.
631 1567 819 1616 tetrametrum
837 1574 903 1615 uero
926 1557 1030 1614 hucoli·
1044 1567 1081 1607 1⁵0

56 1659 121 1699 cum
150 1653 208 1715 cst,
233 1661 295 1700 cum
317 1654 430 1718 quartus
458 1661 507 1719 pes
535 1643 650 1701 dactilus
679 1652 720 1700 est
749 1645 796 1718 qui
823 1651 927 1718 partem
955 1641 1030 1698 liniat

57 1729 192 1785 orationis
215 1728 291 1802 quod
306 1729 376 1803 apud
398 1729 522 1786 Boetium
545 1745 631 1802 genus
653 1729 777 1785 ultimum
799 1729 938 1784 inuenitur
959 1729 1030 1785 eius-

57 1829 112 1886 que
139 1813 250 1870 initium
272 1821 327 1870 est:
370 1812 454 1882 Quam
483 1815 565 1870 uariis
595 1808 710 1892 [terras]
741 1813 862 1872 animalia
889 1821 1029 1886 permeant

65 1895 196 1972 liguris.“
256 1968 258 1972 Δ

508 2059 582 2125 IIII

393 2243 537 2311 VITAE
560 2245 699 2310 ΒΟΕΤΙ

143 2403 188 2461 Eis
212 2421 326 2480 prorsus
349 2411 423 2462 caret
445 2405 671 2480 Tegernseensis3
704 2406 774 2462 uitas
803 2423 869 2481 quas
892 2407 960 2464 inira
984 2407 1029 2464 de-

59 2490 155 2565 scripsi
179 2497 254 2546 totas
277 2490 372 2546 eodem
396 2483 499 2546 ordine
517 2497 598 2563 atque
627 2506 680 2546 una
702 2506 782 2546 manu
810 2493 924 2566 scriptas
953 2491 1029 2548 solus

59 2575 202 2632 Gothauus
224 2573 307 2632 habet
328 2591 422 2649 parum
444 2581 518 2630 recte
539 2573 690 2648 descriptas
718 2574 749 2630 ab
773 2574 887 2633 Ohhario
909 2595 937 2652 p.
952 2577 1031 2634 XlllV

62 2659 203 2716 -llllVll
227 2667 318 2734 partes
333 2659 344 2715 l
359 2659 380 2714 V
395 2657 438 2714 llll
453 2656 530 2730 (itit)
552 2659 702 2716 Beruenses
718 2658 764 2715 GK
785 2662 856 2716 inter
877 2678 906 2718 se
929 2663 1030 2719 discre-

8 2815 12 2823 ‚
59 2753 175 2819 pantes,
205 2761 272 2818 quas
301 2743 430 2801 Sinnerus
467 2759 517 2798 nec
544 2751 617 2800 tatas
644 2761 695 2800 nec
727 2747 786 2801 sine
814 2746 918 2802 mendis
945 2746 1030 2803 edidit

59 2847 87 2904 p.
118 2828 191 2888 287.
234 2828 281 2884 Eli
308 2829 347 2886 nil
375 2835 483 2902 praeter
509 2830 638 2902 primam,
667 2822 725 2884 RV²
752 2838 834 2905 atque
862 2839 893 2886 ut
920 2831 1030 2888 uidetur

61 2915 141 2970 etiarn
165 2907 197 2968 V¹
222 2915 333 2988 primam
356 2913 532 2984 maltorum,
555 2914 573 2969 B
596 2923 624 2970 et
645 2913 806 2971 Laurentius
829 2915 897 2972 alter
918 2917 1029 2990 primam

61 3008 89 3056 et
112 2999 229 3054 tertiam.
266 2995 299 3054 m
314 3001 342 3054 in
364 2999 417 3054 hoc
439 2997 573 3074 prologus
596 2997 745 3074 inscriptus
767 3009 809 3057 est
831 3001 884 3058 sic:
908 3001 1030 3070 Quintus

68 3101 173 3158 ”chius
191 3099 266 3173 fecit
288 3100 367 3158 huna
384 3102 549 3175 prologum.
595 3101 646 3159 VR
662 3103 802 3162 Boethius
823 3107 876 3161 iste
898 3105 944 3161 ael
967 3109 1029 3178 qai-

124 3206 127 3238 t
156 3184 320 3256 Scotipeaa.
355 3217 397 3226 -
430 3183 495 3252 Quis
524 3187 577 3241 iste
606 3185 722 3246 Fabius?
761 3205 794 3246 au
824 3188 925 3246 amicus
953 3189 1029 3246 Baeti

124 3286 181 3326 :um
216 3269 391 3344 conloquitur
428 3271 457 3327 in
491 3273 633 3344 prooemio
666 3270 767 3348 dialogi
804 3275 979 3348 porphyriaui
1015 3291 1030 3330 a

140 3453 180 3502 ,41
199 3449 383 3502 indiler‘enter
400 3453 433 3504 M
506 3456 555 3506 144
578 3455 726 3506 subnatoui
744 3455 774 3506 M
845 3457 893 3506 148
912 3455 1030 3523 phebum

163 3520 212 3569 149
231 3518 432 3572 archiloichum
456 3521 486 3571 M
557 3525 606 3576 153
623 3528 711 3576 terras
729 3539 776 3574 om.
797 3521 829 3572 M
