2388 3910
362 199 655 255 consonfflomls
672 203 715 256 111
978 200 1021 268 53

6 413 8 454 3
49 387 123 434 uero
148 373 231 453 quod
254 373 477 435 sanctissimum
499 372 622 452 quidem
637 391 731 451 genus
752 381 810 444 est,
832 375 936 439 nonin
959 376 1020 436 lor·

48 464 117 521 tuna
143 459 247 521 sedin
264 459 379 523 uirtute
402 465 607 529 numerantur,
631 458 779 539 reliquum
801 477 874 522 uero
896 460 945 520 uel
966 478 1019 539 po·

47 543 160 606 tentiae
196 560 287 610 causa
321 542 370 604 uel
399 543 604 614 delectationis
633 546 802 608 assumitur.
853 545 915 616 lam
945 562 1019 609 uero
1032 560 1058 604 es

48 629 188 709 corporis
216 627 296 694 bona
317 636 489 708 promptum
512 634 557 690 est
585 636 619 690 ut
646 628 683 692 ad
705 631 861 709 superiora
883 631 1019 698 releren-

48 723 106 776 tur.
154 713 252 776 robur
280 713 361 776 enim
383 713 615 794 magnitudoque
644 714 764 778 uidetur
792 723 946 792 praestare
970 734 1019 778 ua·

45 799 174 863 lentiam
196 798 394 880 pulchritudo
421 807 508 876 atque
537 799 681 864 uelocitas
708 799 913 865 celebritatem
940 801 1019 862 salu·

46 883 143 948 irritas
167 884 370 964 uoluptatem:
394 883 506 961 quibus
527 883 667 946 omnibus
690 884 783 948 solam
801 885 1019 956 beatitudinem

46 970 217 1032 desiderari
239 970 344 1050 liquet.
379 987 449 1036 nam
464 969 543 1049 quod
564 971 690 1050 quisque
705 988 777 1050 prae
801 972 911 1032 ceteris
932 972 1017 1052 petit,
1031 987 1058 1029 to

47 1055 78 1116 id
103 1072 257 1124 summum
280 1073 345 1116 esse
368 1053 480 1116 iudicat
501 1053 622 1118 bonum.
656 1055 715 1118 Sed
737 1074 886 1126 summum
908 1055 1021 1120 honum

47 1139 271 1212 beatitudinem
294 1157 362 1202 esse
384 1138 586 1203 definiuimus.
627 1157 720 1220 quaro
741 1141 863 1207 boatum
885 1159 951 1204 esse
974 1143 1020 1204 iu*
1050 1195 1054 1204 .

48 1225 124 1289 dicat
162 1233 291 1298 statum,
325 1243 415 1306 quem
446 1242 519 1303 prae
553 1227 668 1288 ceteris
698 1228 826 1307 quisque
859 1226 1019 1294 desiderat.

47 1309 146 1375 Habes
169 1311 264 1390 igitur
292 1316 361 1374 anlc
383 1310 485 1372 oculos
506 1312 691 1391 propositam
713 1311 777 1372 iore
805 1311 932 1379 sormam
954 1311 1020 1373 leli·

4 1465 5 1470 ἵ
47 1397 147 1461 citatis
169 1396 319 1460 humanae
343 1412 415 1475 opes
440 1395 570 1457 honores
597 1396 763 1476 potentiam
785 1397 912 1476 gloriam
934 1395 1019 1458 nolu·
1032 1410 1059 1452 m

4 1559 5 1562 Ἴ
48 1488 174 1560 ptatem.
219 1499 296 1562 quae
319 1480 440 1561 quidem
468 1479 530 1542 sola
558 1481 753 1542 considerans
775 1480 925 1564 Epicurus
946 1498 1019 1542 con·

46 1575 212 1646 sequenter
235 1565 295 1628 sibi
317 1583 466 1628 summum
489 1564 601 1630 bonum
616 1566 799 1646 uoluptatem
821 1585 889 1628 esse
909 1567 1021 1628 consti·
1050 1619 1054 1626 .

4 1669 6 1724 ς
48 1653 116 1723 tuit,
140 1651 223 1732 qnod
246 1659 346 1712 cetera
368 1651 467 1713 omnia
489 1651 706 1713 iucunditatem
735 1653 834 1713 animo
856 1651 1018 1719 uideantur

4 1773 5 1776 =
49 1735 167 1800 alierre.
222 1736 281 1798 Sed
316 1735 351 1798 ad
385 1734 541 1798 hominum
573 1736 671 1798 studia
704 1743 858 1808 reuertor,
892 1753 1021 1817 quornm

4 1883 6 1892 ,
50 1818 166 1886 animus
188 1823 246 1882 etsi
270 1819 417 1901 caligante
440 1823 584 1883 memoria
607 1827 707 1883 tamen
730 1821 841 1883 bonum
865 1839 950 1885 suum
973 1839 1019 1882 re·
1033 1836 1059 1878 eo

3 1951 5 1958 >
48 1908 136 1984 petit,
162 1907 215 1970 sed
238 1907 333 1969 ueluti
355 1903 458 1968 ebrius
481 1905 602 1968 domum
624 1925 684 1988 quo
707 1909 827 1969 tramite
849 1915 1021 1969 reuertatur

3 2023 4 2030 1
49 1993 175 2071 ignorat.
223 1992 302 2056 Num
325 1993 405 2052 enim
429 1991 570 2052 uidentur
591 2010 694 2054 errare
717 1993 748 2053 hi
779 1994 831 2072 qui
854 1992 950 2054 nihilo
973 1993 1020 2053 in·

3 2097 4 2100 ¹
50 2076 150 2156 digere
173 2077 331 2140 nituntur?
370 2078 453 2157 atqui
476 2095 535 2138 uon
558 2084 603 2138 cst
626 2077 707 2138 aliud
730 2078 810 2158 quod
834 2096 928 2158 aeque
950 2095 1019 2157 per-

4 2217 5 2220 ,
49 2161 136 2225 ficere
174 2161 394 2225 beatitudinem
433 2162 527 2240 possit
561 2180 651 2242 quam
692 2163 832 2242 copiosus
873 2161 1020 2223 bonorum

51 2250 184 2310 omnium
208 2255 303 2309 status
325 2265 381 2308 nec
403 2246 494 2309 alieni
509 2264 602 2325 egens
616 2246 670 2308 sed
692 2245 751 2308 sibi
773 2249 838 2326 ipse
854 2245 1017 2310 sufficiens.
1031 2259 1057 2303 ss

50 2330 125 2394 Num
147 2351 224 2396 uero
247 2332 390 2394 labuntur
411 2331 444 2394 hi
465 2333 518 2412 qui
534 2331 613 2412 quod
635 2333 675 2394 sit
695 2332 856 2412 optimum,
881 2333 912 2393 ld
927 2334 1020 2394 etiam

50 2418 240 2480 reuerentiae
263 2417 347 2480 cultu
369 2416 579 2496 dignissimum
600 2417 725 2498 putant?
751 2419 885 2480 minime.
922 2435 1020 2498 neque

3 2519 4 2524 ¹
51 2504 127 2564 enim
152 2501 215 2565 uile
238 2502 380 2582 quiddam
404 2503 714 2583 contemnendumque
737 2503 876 2585 estquod
892 2502 1022 2581 adipisci

3 2587 5 2594 ⁴
53 2589 184 2650 omnium
206 2589 272 2650 lere
295 2587 466 2650 mortalium
488 2585 605 2650 laborat
632 2589 767 2650 intenlio.
811 2590 856 2650 lln
878 2591 910 2649 in
932 2587 1021 2648 bonis

49 2689 104 2733 non
133 2681 181 2734 est
203 2671 390 2734 numeranda
417 2673 572 2752 potentia?
615 2671 692 2744 Quid
722 2672 830 2752 igitur?
873 2691 944 2734 num
973 2675 1060 2732 ineo

114 2963 149 3014 33
167 2960 277 3026 quidem
295 2976 342 3012 om.
363 2960 387 3010 Τ
452 2961 486 3013 34
503 2922 560 3010 lein
577 2959 623 3025 ΕΙ
643 2963 823 3010 numerantur
844 2957 905 3010 ΤΕί
928 2975 1021 3013 nume·

51 3029 126 3080 ratur
145 3029 188 3080 Il?
211 3043 325 3082 numero
344 3036 387 3080 tar
404 3028 447 3091 (ra
464 3032 510 3080 tur
525 3029 553 3079 in
569 3025 636 3092 rae.)
654 3028 683 3078 K
766 3029 799 3080 36
817 3032 952 3094 promtum
969 3028 1022 3078 DE

114 3095 279 3150 anulletur
297 3113 319 3150 ro
386 3099 420 3148 40
442 3094 644 3148 deiidererei'
708 3095 791 3147 4142
814 3097 1021 3156 aerleiudicat
1096 3158 1100 3168 Ἢ

53 3160 57 3212 l
105 3180 151 3216 um
168 3181 247 3232 mque
265 3166 303 3216 ad
319 3164 432 3216 beatum
451 3164 505 3215 elle
522 3164 560 3214 bie
576 3165 676 3228 aeripta
693 3164 719 3214 D
798 3167 831 3216 46
849 3165 1022 3230 uoluptatem

55 3244 57 3278 ἐ
105 3232 250 3300 oluptatel
263 3233 390 3286 urolt?
451 3233 484 3283 48
496 3231 584 3286 inat)
601 3233 690 3284 ioc.m
754 3231 1021 3284 oObonumsuumm

51 3299 57 3348 l
105 3314 176 3352 mum
194 3301 297 3352 bonum
314 3301 339 3352 Α
414 3299 446 3352 51
465 3300 601 3351 uelutiT
627 3300 705 3351 uelut
722 3299 796 3350 ΜΕ
825 3298 954 3350 ueludK

51 3368 57 3416 t
97 3367 224 3435 perficite
242 3367 283 3419 13¹
353 3371 387 3421 64
405 3368 545 3434 copiosius
565 3365 601 3418 Τ1
676 3369 709 3419 57
726 3371 827 3432 putant
847 3367 895 3420 TE
921 3369 1022 3431 putent

53 3481 57 3516 ἑ
174 3472 208 3527 58
226 3476 384 3535 contempn.
405 3471 455 3522 ΤΚ
473 3474 609 3524 condemn.
628 3467 699 3532 Dii!
719 3442 819 3533 calipti}
835 3471 868 3518 ol.
887 3483 909 3518 a.
927 3469 953 3518 D

47 3525 57 3614 1
105 3540 159 3593 nro
178 3555 225 3594 om.
244 3539 275 3590 rt
341 3535 797 3603 nouumqurornnecudrnu.
820 3534 1022 3588 caraman
