2388 3910
366 173 659 228 consonarrcnrs
699 176 728 228 11
984 178 1027 244 45

1 345 3 426 ξ
38 342 165 404 sedne
193 343 313 405 urbium
336 344 458 425 quidem
480 347 642 424 peruenire
670 355 770 427 queat.
815 349 918 410 delate
942 350 1025 412 deni·

1 450 2 453 ¹
39 445 99 508 que
126 427 228 489 Marci
251 428 359 498 Tullii,
388 431 552 510 sicutipse
575 432 607 492 in
630 431 759 511 quodam
781 433 846 494 loeo
867 436 1025 512 significat,

1 521 2 526 ’
38 510 189 575 nondum
218 513 382 576 Caucasum
411 524 542 577 montem
571 533 713 578 romanae
735 517 919 597 reipublicae
947 521 1065 581 lamam

1 595 2 601 ’
37 598 296 669 transcenderat,
320 606 351 660 et
373 607 438 662 erat
459 610 531 663 tunc
558 599 656 662 adulta
680 601 799 664 Parthis
826 605 917 665 etiam
946 613 1025 666 cete-

37 683 151 762 risque
178 683 209 744 id
232 683 368 746 locorum
392 683 532 764 gentibus
547 687 751 748 formidolosa.
782 687 909 750 Videsne
932 691 1026 768 igitur

36 786 134 850 quam
162 770 206 831 sit
227 777 351 847 angusta
374 787 463 850 quam
485 788 656 852 compressa
679 771 774 850 gloria
796 789 884 853 quam
900 773 1025 835 dilatare

39 871 74 914 ac
99 871 278 934 propagare
294 853 456 916 laboratis?
478 875 516 917 an
530 855 583 916 uhi
605 859 722 918 romani
743 858 875 920 nominis
895 861 1025 923 transire

37 939 123 1000 lama
149 941 273 1020 nequit,
296 942 414 1002 romani
430 941 560 1002 hominis
574 941 669 1020 gloria
684 942 915 1021 progredietur?
947 941 1063 1013 Quidue

40 1033 88 1084 est
119 1023 208 1104 quod
237 1024 426 1087 diuersarum
458 1028 595 1104 gentium
630 1044 730 1089 mores
764 1029 846 1089 inter
876 1046 908 1090 se
937 1036 1024 1109 atque

40 1109 189 1170 instituta
219 1109 408 1181 discordant,
437 1117 471 1174 ut
498 1111 576 1191 quod
610 1112 688 1190 apud
720 1112 793 1174 alios
825 1111 912 1174 lande
946 1113 1025 1195 apud

1 1241 2 1246 1
40 1193 117 1255 alios
143 1194 297 1274 supplicio
319 1194 442 1274 dignum
464 1195 624 1258 iudicetur.
668 1196 733 1268 Quo
754 1199 803 1268 iit,
832 1206 867 1259 ut
888 1199 913 1259 si
934 1215 1024 1278 quem

41 1279 146 1340 lamae
177 1279 364 1360 praedicatio
391 1279 535 1351 delectat,
565 1281 636 1342 huic
662 1284 693 1342 in
721 1282 869 1361 plurimos
897 1282 1024 1362 populos

41 1381 161 1426 nomen
185 1365 328 1449 prolerre
346 1365 428 1428 nullo
451 1367 540 1428 modo
562 1365 718 1428 conducat.
761 1366 819 1426 erit
839 1369 932 1445 igitur
953 1385 1023 1447 per·
1037 1381 1062 1422 co

1 1472 3 1479 ·
42 1455 158 1527 uagata
190 1451 271 1511 inter
304 1468 375 1512 sucs
407 1451 502 1530 gloria
529 1453 656 1531 quisque
690 1458 848 1514 contentus
881 1456 912 1512 et
943 1454 1024 1512 intra

42 1535 138 1595 unius
164 1536 267 1612 gentis
288 1537 436 1597 terminos
456 1533 611 1614 praeclara
633 1534 684 1597 illa
706 1537 802 1598 lamae
825 1537 1025 1598 inmortalitas

41 1619 250 1682 ‘coartabitur
295 1619 354 1682 Sed
376 1638 466 1700 quam
488 1619 598 1682 multos
620 1619 804 1684 clarissimos
823 1623 886 1684 suis
909 1630 1024 1702 tempo·

43 1703 135 1765 ribus
165 1706 251 1766 uiros
284 1707 466 1784 scriptorum
496 1705 583 1785 inops
609 1705 722 1768 deleuit
750 1704 871 1769 obliuio.
921 1724 1023 1788 quam·

1 1794 2 1797 ’
46 1807 140 1869 mam
163 1790 236 1870 quid
265 1791 329 1870 ipsa
358 1792 470 1870 scripta
492 1791 663 1870 proficiant,
693 1810 768 1873 quae
791 1810 861 1855 cum
883 1793 945 1854 suis
972 1810 1023 1852 au·
1037 1802 1062 1844 4⁵

45 1874 190 1937 ctoribus
211 1876 324 1955 premit
351 1874 470 1954 longior
498 1882 585 1956 atque
615 1875 742 1938 obscura
770 1877 921 1939 uetustas?
965 1877 1025 1938 Vos

46 1976 123 2019 uero
159 1960 406 2022 inmortalitatem
435 1959 523 2021 uobis
556 1977 723 2041 propagare
758 1961 920 2032 uidemini,
955 1979 1024 2023 cum

1 2068 2 2074 ¹
48 2045 144 2106 futuri
169 2047 278 2108 lamam
301 2047 446 2126 temporis
475 2047 625 2124 cogitatis.
669 2044 752 2116 Quod
784 2047 809 2108 si
838 2048 1025 2108 aeternitatis

46 2130 170 2192 infinita
192 2133 290 2211 spatia
311 2137 492 2211 pertractes,
519 2130 592 2211 quid
615 2129 708 2191 habes
732 2132 810 2208 quod
834 2130 870 2192 de
893 2131 1024 2191 nominis

50 2217 94 2276 tui
118 2216 319 2277 diuturnitate
341 2215 482 2278 laeteris?
515 2217 604 2277 unius
627 2218 737 2277 etenim
762 2233 845 2277 mora
867 2215 1021 2283 momenti,
1036 2224 1062 2266 ⁵⁰

49 2300 76 2360 si
98 2301 210 2362 decem
231 2299 355 2362 milibus
378 2301 551 2362 conferatur
574 2301 674 2370 annis,
697 2303 837 2382 quoniam
861 2308 1022 2379 utrumque
1134 2324 1136 2328 ’

52 2387 184 2462 spatium
208 2385 364 2448 definitum
388 2394 448 2457 est,
471 2387 625 2467 minimam
648 2386 720 2448 licet
734 2383 826 2447 habet
847 2394 947 2447 tamen
971 2384 1022 2445 ali·

1 2489 2 2537 ]
51 2488 141 2550 quam
165 2473 345 2550 portionem.
390 2479 420 2532 at
446 2469 497 2532 hic
519 2473 585 2551 ipse
607 2488 752 2532 numerus
775 2488 920 2532 annorum
946 2471 1023 2530 eius·

52 2573 109 2634 que
133 2555 301 2636 quamlibet
322 2553 479 2636 multiplex
508 2555 544 2617 ad
566 2554 822 2618 interminabilem
845 2553 1023 2616 diuturnita-

53 2647 112 2702 tem
135 2659 194 2702 nec
224 2644 392 2720 comparari
423 2640 544 2722 quidem
572 2648 682 2721 potest.
728 2642 838 2702 etenim
866 2641 959 2700 finitis
987 2636 1023 2697 ad
1037 2645 1062 2687 ⁵5

52 2740 82 2785 se
110 2727 245 2788 inuicem
273 2727 366 2788 luerit
394 2727 556 2807 quaedam,
585 2728 696 2788 infiniti
724 2743 797 2786 uero
826 2729 915 2802 atque
945 2723 1023 2782 liniti

2 3053 6 3061 ,
119 2998 299 3052 camareto
322 2997 347 3044 m
367 2997 387 3046 G
408 3011 438 3050 n.
456 2999 481 3047 Α
501 2995 506 3062 Ι
526 2997 555 3047 in
573 2994 690 3060 quodam
710 2995 782 3044 Tin
801 3009 849 3044 om.
868 2991 923 3042 ΕΚ
940 2989 945 3056 Ι
967 2991 1026 3042 lidri

1 3111 2 3114 ¹
55 3098 86 3146 de
103 3115 163 3164 rep.
186 3099 231 3149 VI
246 3101 280 3148 20
350 3100 382 3150 30
401 3096 541 3149 caninium
559 3097 587 3148 K
594 3095 602 3130 1
617 3095 621 3162 Ι
637 3095 766 3163 puplicae
784 3095 810 3146 Ε
873 3057 1029 3174 'stupeatis

54 3191 60 3214 a
126 3169 161 3218 33
174 3163 275 3232 conpita
287 3167 315 3217 K
330 3164 474 3230 conpressu
486 3166 511 3216 Ε
558 3168 592 3217 35
604 3165 692 3232 glorie
704 3181 751 3216 om.
765 3164 790 3214 E
806 3159 810 3226 Ι
827 3159 1026 3224 Quid·e·quod

57 3235 61 3280 l
94 3231 135 3286 est
153 3251 202 3287 om.
220 3234 274 3285 ΕΚ
292 3233 357 3300 quid
374 3234 465 3286 dicam
483 3233 556 3299 quod
575 3233 599 3282 Α
656 3235 689 3285 37
708 3231 743 3300 qd
761 3227 834 3282 alios
847 3227 904 3290 (om.
924 3226 1025 3292 apudi)

54 3326 60 3348 a
149 3304 183 3353 41
203 3301 398 3355 contentiusK
423 3345 437 3372 0
463 3305 496 3353 42
514 3303 621 3352 inmort.
640 3317 662 3352 ω
737 3301 772 3350 44
790 3289 881 3360 inops]
900 3292 977 3344 morl
992 3311 1027 3346 ex

56 3383 60 3416 1
92 3371 126 3422 »rs
140 3387 163 3422 e.
183 3370 213 3420 K
229 3369 236 3438 Ι
256 3385 413 3438 quanquam
431 3371 456 3420 Ε
528 3371 563 3421 45
581 3369 619 3438 qd
637 3385 673 3420 erc
690 3367 727 3433 qd
742 3383 784 3432 pr.
803 3361 871 3411 ur
937 3363 970 3412 4⁹1
988 3364 1029 3414 in·

56 3451 60 3484 1
92 3443 135 3489 ot,
154 3437 223 3502 ΤΚΙ
242 3435 468 3504 ηίᾱοωίηἰΜῐιιω
486 3437 512 3487 Ε
599 3439 632 3488 48
650 3431 784 3502 temporis
798 3429 901 3479 famam
921 3429 945 3477 A
967 3427 971 3496 Ι
993 3432 1028 3482 ad

57 3505 436 3561 ttEiKlAiadomT
500 3500 769 3556 55neeYKnsE
