2458 3912
662 529 694 592 X

191 715 329 782 ΒΟΕΤΙ
362 713 491 795 QUAE
522 715 636 780 OLIM
668 713 839 780 FUERIT
869 709 1173 778 AUCTORITAS

268 815 391 881 ALIIS
413 815 713 882 DOCUMENTIS
737 812 1078 882 OONPROBATUR

277 1010 399 1084 liugnam
428 1009 511 1065 luisse
540 1027 589 1084 per
616 1011 718 1067 mediae
748 1027 827 1084 quam
857 1009 950 1065 dicunt
979 1009 1078 1063 aetatis
1112 1022 1172 1060 sae·
1211 1006 1214 1015 '

161 1121 164 1124 ·
191 1095 250 1151 cula
279 1093 355 1150 Boeti
383 1095 572 1150 auctoritatem
602 1104 629 1151 et
664 1095 852 1168 philosophiae
883 1094 997 1148 historia
1025 1091 1114 1148 docet
1144 1099 1171 1146 et

192 1195 260 1254 quae
283 1195 331 1252 per
353 1185 484 1252 quattuor
507 1195 576 1251 quae
599 1179 763 1254 praecedunt
790 1180 877 1253 capita
900 1169 982 1251 quamv
1001 1176 1171 1232 breuissime

192 1265 367 1337 exposuimus
384 1271 532 1319 testantur:
557 1273 654 1336 quanta
678 1263 760 1319 luerit
775 1264 961 1320 demonstrare
982 1261 1063 1316 huius
1089 1276 1170 1334 prae·

191 1349 300 1405 lationis
324 1349 441 1422 spatium
464 1365 519 1404 non
546 1349 690 1423 permittit.
728 1351 763 1404 m
792 1349 844 1404 hoc
866 1347 962 1403 saltem
985 1347 1170 1416 concedatur,

192 1443 222 1489 ut
245 1433 414 1507 quorundam
438 1435 560 1488 uirorum
583 1433 842 1506 institutionemque
866 1432 1022 1488 memoriam
1044 1433 1169 1502 attinga-

192 1535 251 1576 mus
275 1516 371 1590 quibns
394 1515 581 1573 boemanorum
604 1518 757 1578 studiorum
786 1525 962 1591 augmentum
991 1517 1167 1589 potissimum

192 1601 332 1658 debeatur.
377 1601 440 1656 Nam
468 1600 533 1656 licet
561 1603 588 1656 in
616 1603 700 1676 ipsius
735 1619 848 1675 operum
881 1602 1046 1674 praestantia
1082 1593 1168 1672 atoue

192 1687 219 1740 in
241 1685 325 1756 sama,
349 1702 401 1758 qua
422 1683 468 1740 ille
490 1693 517 1740 et
541 1687 621 1741 uiuus
644 1695 671 1742 et
698 1696 762 1760 post
789 1693 905 1742 mortem
929 1684 1038 1757 floruit,
1068 1699 1167 1740 eorum

192 1768 328 1825 nitebatur
361 1768 519 1841 celebrum,
550 1779 638 1826 tamen
673 1789 729 1828 uon
766 1770 866 1844 ubique
895 1786 924 1825 ea
951 1769 1073 1826 lectitata
1105 1783 1167 1824 esse

193 1854 288 1910 eodem
311 1849 393 1910 modo'
415 1863 537 1920 constat:
560 1857 637 1910 cuius
653 1857 691 1911 rei
709 1856 850 1930 explicatio
874 1854 936 1910 inde
960 1854 1078 1928 petenda
1103 1854 1164 1920 erit,
1213 1846 1214 1849 ’

193 1939 265 2012 quod
289 1938 448 2012 quibusdam
471 1940 498 1993 in
514 1939 671 2014 regionibus
695 1941 771 1996 uelut
792 1943 819 1996 in
842 1939 916 1996 ltalia
939 1938 1167 1994 desiderabantur

193 2024 244 2079 uiri
266 2024 310 2079 uel
333 2025 397 2078 satis
427 2023 500 2079 docti
530 2025 573 2080 uel
601 2025 710 2080 illorum
739 2025 891 2081 studiorum
920 2025 1031 2079 curiosi.
1074 2020 1165 2078 Caroli

192 2108 281 2182 Magni
304 2117 393 2164 antem
415 2109 579 2182 amplissimo
602 2110 629 2163 in
652 2127 738 2184 regno
761 2119 843 2183 atque
870 2110 898 2163 in
920 2109 1053 2164 Britannia
1082 2107 1164 2163 scho-

193 2194 230 2248 las
254 2201 458 2268 occupauerunt
481 2193 597 2250 boetiani
620 2193 693 2267 libri,
716 2193 789 2267 quod
812 2194 951 2249 Aletrini
974 2209 1083 2248 carmen
1109 2207 1164 2265 quo

195 2278 369 2334 Eboracensis
397 2277 525 2334 ecclesiae
553 2278 742 2336 bibliothecam
770 2277 897 2335 describit
927 2277 1008 2334 docet
1036 2276 1163 2333 eandem·

193 2379 245 2435 que
268 2364 454 2418 auctoritatem
478 2365 630 2437 posteriora
653 2364 759 2420 saecula
783 2363 911 2419 tribuisse
934 2379 966 2418 ex
988 2359 1164 2418 Ebcrardi

192 2446 420 2501 betuniensis
444 2445 608 2502 Laborintbo
631 2457 743 2522 apparet
767 2447 810 2504 nbi
839 2449 911 2503 inter
939 2455 1045 2503 ceteros
1068 2453 1163 2502 aucto·

193 2546 236 2585 res
259 2532 305 2603 qui
328 2528 436 2603 legendi
459 2531 680 2588 commendantur
703 2533 886 2603 sclrolaribuS‚
915 2541 1073 2588 recensetur
1096 2531 1164 2586 Boe·

192 2616 247 2670 tius
271 2614 312 2686 (lli
336 2615 376 2672 85
399 2614 508 2688 Leyser.
533 2634 560 2690 p.
585 2616 657 2678 830l
682 2618 724 2672 his
748 2616 855 2674 uerbis:

360 2701 477 2756 Eximio
500 2705 614 2758 ratione
637 2703 702 2758 boot
726 2703 861 2772 Boetius,
886 2709 916 2758 ut
939 2703 986 2758 det

360 2785 494 2842 Solamen
517 2789 620 2843 misero
639 2788 834 2860 philosophye
858 2789 931 2843 uiro.

193 2878 274 2943 atque
301 2872 373 2926 inter
394 2870 478 2926 libros
502 2871 547 2944 qui
570 2870 731 2945 legebantur
753 2871 849 2944 Papiae
871 2873 898 2926 in
921 2870 1022 2926 scholis
1038 2871 1163 2925 Boetium

194 2970 304 3030 quopue
332 2957 453 3010 nominat
475 2955 614 3011 llehusins
636 2957 664 3011 in
686 2956 746 3012 Vita
768 2956 893 3012 Ambrosi
917 2955 1072 3010 'lranersari
1095 2954 1107 3008 l
1136 2971 1163 3026 p.

134 3100 138 3110 ,
195 3037 254 3093 211
279 3037 313 3092 cs.
336 3057 362 3112 p.
389 3038 456 3096 146.
1105 3041 1108 3048 “

279 3121 413 3178 llauebant
446 3133 535 3182 autem
568 3126 609 3180 his
638 3124 734 3181 studiis
764 3125 894 3182 Fnldae
929 3120 1104 3194 llrabanus*)

261 3369 288 3436 *)
306 3371 454 3422 Hrabanus
477 3374 505 3422 in
527 3373 627 3423 librum
651 3373 685 3423 de
710 3380 839 3440 computo
863 3391 941 3440 quern
966 3374 1053 3425 edidit
1074 3374 1135 3424 Bab

191 3440 572 3573 1²1¹t¹¹⁵12f¹¹73¹22⁸⁰e¹¹'⁹xss⁰²fi
592 3441 769 3492 arithmetica
787 3443 931 3507 conplures
949 3443 1025 3494 locos
1038 3447 1135 3493 tronstr
