2458 3912
367 178 694 234 cossousrtorust
971 176 1011 241 21

19 323 174 428 Ξῖῖιιιιιιι,
197 343 337 436 inquam,
361 361 414 413 tuo
428 370 505 432 quae
520 351 604 413 uoles
619 359 653 412 ut
667 367 882 431 responsurum
898 357 1011 428 rogato

19 441 125 502 'lum
158 441 223 502 illa:
258 437 411 506 Huncine,
443 439 554 518 inquit,
584 435 728 498 mundum
761 438 932 498 temerariis
965 437 1013 513 agi
1039 446 1052 488 ι

19 469 65 586 Ξῖ
51 527 238 606 fortuitisque
261 523 382 585 casibus
403 531 504 603 putas,
528 541 565 583 an
588 520 682 583 ullum
705 519 804 582 eredis
826 525 853 582 ei
878 523 1014 600 regimen

19 607 22 666 l
52 615 146 673 inesse
173 609 322 672 rationis?
371 607 472 688 Atqui,
502 609 639 687 inquam,
668 605 750 668 nullo
779 608 1014 669 existimauerim

19 697 145 792 ξ,ωι)ιῖο
158 702 192 757 ut
205 695 330 757 fortuita
345 695 515 754 temeritate
530 701 591 753 tarn
607 702 689 754 serta
705 700 894 761 moueantur,
908 710 1014 754 uerum

19 767 22 860 Ξ
53 784 133 860 operi
149 799 203 842 suo
219 779 409 840 eonditorem
425 779 600 857 praesidere
617 777 708 838 deum
723 779 788 850 seio
801 795 858 838 nee
873 796 1014 857 umquam

19 867 21 926 Ξ
53 867 142 927 ιιωιῖι
164 865 230 926 dies
252 866 304 944 qui
325 882 373 925 me
397 863 434 925 ab
457 863 513 924 hac
529 865 697 925 sententiae
721 865 850 924 ueritate
874 862 1013 942 depellat.
1028 875 1054 914 ιο

19 953 21 1014 ι
53 949 93 1011 lta
123 958 180 1022 est,
210 951 319 1030 inquit.
371 967 440 1009 nam
468 949 499 1008 id
532 949 624 1010 etiam
651 947 741 1027 paule
769 955 837 1009 ante
866 949 1013 1017 cecinisti,

19 1035 244 1128 {hominesque
257 1039 373 1095 tantum
388 1032 510 1094 diuinae
526 1042 645 1095 exortes
659 1049 750 1099 surae
764 1053 830 1096 esse
842 1033 1014 1112 deplorasti

19 1137 118 1182 nam
139 1122 175 1182 de
200 1120 325 1189 oeteris,
354 1120 427 1199 quin
454 1121 572 1179 ratione
593 1126 787 1219 regerentur,
816 1118 890 1180 nihil
913 1135 1015 1180 moue-

19 1167 21 1268 Ξ
55 1204 131 1266 bare
175 1204 257 1283 Pape
285 1213 385 1266 autem
413 1204 609 1265 uehementer
631 1206 791 1274 ammiror,
817 1222 872 1265 our
899 1206 931 1264 in
955 1211 1014 1264 tam

19 1327 20 1344 ι
19 1289 162 1352 salubri
185 1307 238 1351 seu
239 1292 334 1351 tentia
355 1289 472 1350 leeatus
499 1297 646 1367 aegrotes.
691 1289 802 1350 Verum
830 1289 918 1350 altius
945 1307 1012 1368 per-
1028 1301 1053 1342 ιι

56 1384 233 1436 scrutemur:
258 1377 360 1436 neseio
382 1373 455 1455 quid
477 1373 583 1435 abesse
605 1376 752 1435 coniecto.
784 1373 842 1434 Sed
858 1374 908 1435 die
930 1373 1015 1442 mibi,

57 1463 189 1539 quoniam
213 1459 270 1520 deo
292 1457 437 1520 muudum
453 1461 518 1536 regi
541 1477 602 1519 non
624 1457 768 1537 ambigis,
792 1457 903 1540 quibus
925 1460 1015 1518 etiam

56 1544 262 1622 gubernaculis
276 1553 400 1622 regatur
415 1543 569 1604 aduertisi
599 1545 670 1614 Vix,
694 1546 829 1624 inquam,
853 1543 1016 1622 rogationis

19 1637 22 1698 Ξ
56 1638 121 1690 tuae
143 1631 320 1692 seutentiam
343 1647 449 1698 nosoo,
473 1629 584 1690 nedum
606 1629 643 1690 ad
666 1631 808 1710 inquisita
830 1629 1015 1708 respondere

19 1705 21 1792 Ξ
57 1731 165 1794 queam.
209 1714 289 1776 Num
311 1733 376 1784 me,
404 1714 516 1794 iuquit,
539 1713 647 1775 tetettit
670 1713 774 1776 abesse
803 1713 930 1794 aliquid,
960 1726 1056 1794 perro

19 1805 22 1874 Ξ
58 1799 145 1878 quod,
166 1799 251 1860 uelut
272 1799 375 1860 hiante
397 1797 469 1860 ualli
485 1798 609 1868 robore,
635 1801 816 1861 inanimum
838 1808 923 1860 tuum
946 1817 1014 1878 per·

58 1882 255 1946 turbationum
278 1883 403 1944 morbus
425 1885 604 1961 inrepserit?
641 1883 699 1944 Sed
724 1886 773 1947 dic
795 1885 885 1958 mihi,
911 1883 1015 1946 memi-

19 1973 21 2018 ἓ
57 1970 174 2039 nistine,
198 1969 268 2050 quis
289 1971 329 2030 sit
350 1985 453 2028 rerum
468 1969 550 2038 finis,
574 1987 673 2049 quoue
694 1973 787 2031 totius
802 1977 926 2031 naturae
949 1977 1014 2030 ten-

19 2069 21 2134 3
59 2053 157 2116 ιΞιιιῖιιι
158 2055 261 2115 entiol
288 2053 467 2122 Audieram,
484 2055 621 2134 inquam,
638 2053 689 2115 sad
705 2054 881 2116 memoriam
896 2071 1016 2115 maeror

58 2137 213 2200 hebetauit.
269 2140 306 2200 tt
340 2140 391 2218 qui
426 2141 499 2208 sois,
538 2139 617 2200 unde
651 2149 759 2201 cuneta
792 2139 1015 2240 processerint?
1029 2149 1058 2189 th

19 2237 20 2242 ¹
58 2221 142 2293 Noui,
163 2227 301 2324 inquam,
324 2223 471 2324 depmque
487 2241 553 2285 esse
567 2223 720 2324 respondi
764 2226 799 2285 P.
822 2223 861 2286 Et
848 2226 927 2304 tqui
949 2225 1016 2286 beri

19 2299 23 2394 Ξ
58 2316 161 2437 potqst,
184 2315 217 2370 ut
237 2309 388 2388 principio
410 2311 530 2386 cognito
559 2311 626 2389 quis
654 2311 693 2370 sit
715 2327 816 2371 rerum
837 2311 938 2370 linis
929 2327 1015 2387 ugno-

19 2395 21 2464 Ξ
58 2394 118 2452 res?
144 2393 253 2454 Verum
276 2393 309 2454 hi
331 2393 595 2474 perturbationum
617 2413 731 2466 mores,
756 2413 790 2456 ea
813 2392 944 2456 ualentia
960 2404 1014 2464 est,

19 2469 75 2564 Ξιι
76 2486 230 2539 tmouere
259 2479 380 2559 quidem
408 2479 476 2541 loco
503 2479 657 2540 hominem
685 2482 814 2560 possint,
843 2480 1015 2541 conuellere

60 2570 149 2624 autem
171 2563 289 2644 sibique
312 2571 411 2624 totum
433 2566 601 2644 exstirpare
624 2583 683 2626 non
705 2568 831 2644 possint.
877 2565 935 2626 Sed
957 2564 1015 2626 hoe
1028 2577 1059 2618 ³0

59 2663 166 2727 quoque
193 2648 376 2726 respondeas
404 2648 510 2718 uelim,
539 2647 730 2710 hominemne
759 2656 788 2710 te
816 2669 881 2710 esse
910 2652 1015 2710 memi-

59 2732 139 2792 nisti?
179 2731 307 2803 Quidni,
336 2734 473 2813 inquam,
502 2735 712 2795 meminerim?
755 2737 790 2807 P,
820 2733 897 2804 Quid
920 2737 1016 2812 igitur

19 2831 22 2928 ξ
60 2813 140 2878 homo
154 2819 207 2888 sit,
231 2819 386 2895 poterisne
402 2818 555 2896 prolerre?
584 2819 624 2880 B.
647 2819 761 2880 Hocine
778 2822 956 2897 interrogas
978 2838 1015 2880 an

117 3002 284 3054 bhuneeine
303 3001 354 3054 KG
421 3005 493 3054 ban
510 3002 614 3054 nullum
634 3005 664 3054 K
730 3003 801 3055 rEt
818 3005 903 3070 Atqui
920 3006 949 3055 K

61 3069 87 3116 lh
102 3068 273 3136 hominesque
291 3095 323 3106 -
342 3070 491 3136 deplorasti
509 3087 557 3122 om.
573 3071 602 3121 K
617 3069 620 3138 Ι
637 3077 746 3125 exortes
761 3089 783 3123 ω
836 3076 868 3124 14
886 3073 1013 3140 ΡιιρθωΞ

19 3159 75 3244 Ξιι
115 3173 159 3222 T
224 3174 257 3224 15
275 3149 437 3223 lentsstrsth'
507 3175 538 3222 17
557 3168 622 3240 deo]
641 3169 751 3224 ιιιῖῖιΚΞ
821 3177 853 3226 18
872 3175 1016 3226 auertite)

19 3269 22 3298 ;
117 3240 147 3290 21
165 3237 248 3292 uelud
265 3241 299 3291 K
308 3239 313 3308 Ξ
327 3241 418 3292 hianti
436 3241 465 3290 K
479 3237 484 3306 Ξ
498 3239 597 3291 robure
615 3241 645 3291 K
649 3240 657 3274 ¹
715 3243 773 3293 22
765 3259 818 3294 mr
838 3261 859 3294 ω
911 3246 944 3292 24
961 3243 1016 3292 Au-

19 3331 75 3386 d
111 3355 151 3391 sm
169 3359 191 3392 ω
208 3341 377 3393 Audiueram
395 3341 445 3392 BG
505 3343 537 3392 et
556 3352 649 3408 perp‘ro
667 3343 693 3393 E
755 3340 1016 3408 28h1s(sroros.)

19 3387 21 3460 Ξ
59 3404 75 3454 b
111 3410 364 3474 perturbationibus
380 3406 469 3473 K¹Al
491 3411 592 3462 morbis
607 3409 650 3460 ΚΞ
669 3409 721 3474 (ΚΞ
741 3427 765 3462 ιι
779 3411 807 3475 l)
881 3411 1017 3462 hbbomi·

19 3489 73 3582 {n
128 3510 187 3564 loeo
205 3513 235 3563 K
302 3515 335 3563 30
353 3511 494 3577 extirpare
511 3511 540 3560 K
607 3515 639 3564 31
658 3519 706 3566 net
708 3529 722 3564 e
695 3513 770 3564 tK
832 3515 865 3564 33
883 3513 1015 3565 honinem
