2458 3912
505 205 584 244 inii

26 349 28 422 J
68 353 173 409 uidetur
208 354 290 410 huius
319 356 408 427 operis
445 358 581 430 exemplar
608 359 634 412 in
664 356 834 412 bobiensium
869 354 1030 411 bibliotheca

26 435 28 484 ξ
70 439 164 508 luisse,
193 445 220 492 at
241 439 274 494 'in
297 438 409 494 Francia
437 440 565 514 frequens
588 450 646 496 erat
674 457 762 513 neque
784 448 892 514 poterat
914 456 975 496 eum
994 440 1030 495 la·

26 559 28 596 3
70 532 122 578 lere
145 523 220 578 cuius
243 522 383 579 familiaris
405 526 433 580 in
455 525 522 582 illud
545 527 743 598 conscripserat
765 526 987 580 conmentarium.

26 629 28 636 ·
149 603 228 662 Otto
256 606 497 680 Frisingensis
525 609 566 665 bis
600 619 703 665 tantuna
735 617 868 682 prouocat
902 608 934 664 ad
964 609 1030 664 Bne·

70 689 177 763 tium*).
270 737 273 742 .

26 777 27 840 ζ
148 775 185 830 lle
206 776 376 832 iohannis
398 777 683 835 Saresberiensis
707 778 802 834 studiis
825 778 957 834 boetiauis
974 777 1028 834 uiti.

26 865 27 890 ;
71 859 324 916 Schaarscbmitltius
347 879 373 935 p.
392 861 575 934 tls-121,
600 864 675 934 136,
699 862 876 921 305-307.
915 863 950 917 lle
966 879 1030 917 eou-

26 931 30 1000 f.
73 945 200 1001 solatione
221 944 352 1000 indicium
373 947 419 1002 ille
442 948 506 1003 tulit
529 950 556 1004 in
578 947 746 1021 Polycratico
769 947 812 1002 Vll
836 945 875 1002 15
906 947 942 1020 (p.
970 945 1028 1002 139

26 1013 28 1080 l
72 1029 149 1100 Giles)
172 1029 247 1103 quod
270 1029 341 1086 inter
364 1034 517 1088 testimonia
539 1041 679 1106 receptum
702 1041 743 1088 est
771 1049 839 1104 quae
867 1031 930 1087 olim
959 1030 1030 1087 sole·

26 1093 29 1186 l
72 1113 129 1170 bant
144 1111 256 1187 praefigi
278 1115 483 1188 exemplaribus.
507 1117 582 1174 locos
606 1118 709 1190 aliquot
732 1133 764 1172 ea
787 1133 819 1172 eo
843 1115 974 1171 Obbarius
997 1115 1029 1170 att

26 1199 30 1276 ξ
71 1198 99 1253 lli
121 1215 143 1254 e.
166 1199 183 1254 7
208 1207 236 1254 et
263 1216 287 1254 c.
313 1199 349 1270 9,
377 1200 548 1261 Sitzmaauus
571 1201 647 1265 adil
669 1202 705 1271 8,
730 1203 745 1256 l
771 1201 935 1257 attulerunt:
964 1200 1029 1255 nibil

26 1293 28 1356 t
73 1282 108 1337 illi
129 1281 160 1338 ad
182 1298 240 1337 rem
263 1285 382 1340 criticam
405 1285 515 1342 famant.

26 1357 28 1422 l
149 1367 177 1424 Si
197 1369 334 1440 quisunt,
350 1371 395 1443 qul
413 1370 466 1426 illis
481 1371 596 1428 saeculis
611 1371 729 1426 baetinni
745 1372 861 1426 nominis
876 1369 1030 1423 auctoritati

26 1443 29 1572 ἰ
73 1451 251 1525 refragantur,
276 1455 328 1526 ipsi
350 1454 388 1509 illi
405 1464 572 1530 quantopere
587 1454 703 1512 stabilita
720 1454 804 1511 luerit
819 1453 863 1509 illa
886 1459 1030 1520 testantur,

26 1589 28 1616 p
75 1544 98 1591 ut
121 1535 291 1594 Othlonus
314 1537 342 1592 S.
360 1537 517 1596 Emmerami
540 1535 743 1615 inonachus**)
767 1556 790 1595 c.
815 1555 838 1593 a.
865 1535 945 1595 1067
968 1537 1028 1608 qui:
1067 1595 1069 1600 ,

26 1617 28 1630 ’
74 1621 176 1691 Maior,
206 1624 259 1693 ait,
288 1640 362 1678 cura
393 1627 462 1681 mibi
488 1634 530 1681 est
559 1627 678 1697 tepentis
707 1627 754 1681 uel
775 1624 926 1680 scri'bendo
949 1623 1032 1693 sequi

76 1713 234 1762 iunctorum
262 1708 341 1762 dicta
370 1726 455 1780 quam
476 1711 610 1766 Platonis
639 1713 686 1765 uel
708 1710 868 1766 Aristotelis
895 1709 1029 1778 ipsius·

26 1821 29 1884 l
75 1806 131 1863 que
154 1795 262 1846 etiam
286 1792 408 1850 Boetii
428 1796 578 1868 depromta,
608 1811 687 1868 quern
711 1793 783 1868 quud
806 1791 940 1847 Lucanum
964 1805 1029 1863 gen·

26 1887 30 1920 ¹
77 1876 141 1932 tiiem
165 1875 321 1931 familiarem
343 1893 422 1934 suum
445 1879 549 1934 <linerat
564 1878 752 1953 reprehentiit3
775 1885 870 1933 eontra
886 1880 932 1932 uir
947 1875 1029 1930 sciro-

26 1927 31 2034 }
76 1962 265 2017 laeticissimus
288 1969 316 2016 et
337 1966 365 2017 in
394 1964 562 2036 definiendis
590 1966 677 2020 rebus
702 1963 943 2035 prudentissimus
966 1958 1030 2013 dici-

27 2053 29 2122 s
80 2052 113 2099 tur
134 2053 230 2101 noster
252 2048 279 2100 in
302 2046 431 2104 chronico
443 2049 470 2104 S.
493 2048 626 2104 Michaelis
649 2051 676 2104 in
700 2065 770 2122 paga
794 2037 1030 2112 virdunensi***)

27 2151 29 2190 t
81 2131 173 2203 scripto
196 2137 258 2186 ante
280 2147 304 2185 a.
330 2132 422 2191 1037.

27 2197 30 2294 l
152 2214 224 2281 Quae
246 2223 310 2288 post
333 2219 429 2276 horum
454 2220 573 2273 uirorum
598 2228 718 2290 tempora
733 2215 858 2272 conditae
873 2220 937 2267 suut
960 2213 1031 2266 uui·

27 2301 32 2408 p
81 2300 263 2354 uersitates
287 2298 437 2358 litterarum
454 2321 483 2360 ea
498 2303 587 2358 studia
604 2320 657 2358 uon
674 2301 868 2374 neglexerunt:
896 2295 1031 2352 Vindobo-

28 2431 30 2462 ὲ
80 2397 117 2438 nae
140 2383 172 2439 de
188 2383 264 2439 Boeti
287 2383 363 2443 libris
386 2387 501 2462 collegia
517 2387 685 2444 habebantur
708 2394 789 2461 atque
810 2379 968 2457 Pragae†)‚
992 2389 1030 2436 at·

28 2463 30 2536 i
80 2483 120 2538 que
153 2477 268 2525 exeunte
295 2485 317 2529 s.
348 2472 391 2527 llV
414 2472 582 2530 Hermannus
611 2471 742 2528 Busebius
771 2472 842 2526 inter
869 2468 1030 2524 christianos

28 2549 30 2636 ζ
81 2562 162 2622 poetas
194 2562 302 2626 praeter
328 2556 505 2612 Prudentium
534 2557 673 2614 Setluliutn
702 2556 861 2611 Venantinm
888 2552 1031 2625 praecipue

28 2645 30 2668 ¹
82 2636 189 2693 lucrium
211 2639 238 2692 in
260 2642 360 2698 scholis
383 2659 448 2716 quas
472 2641 675 2716 Witienbergae
697 2639 807 2710 habuit,
829 2635 947 2712 legebat.
978 2635 1031 2688 llo-

82 2735 128 2777 ranr
151 2722 304 2783 studiorum
327 2727 488 2782 documenta
516 2735 580 2783 suut
610 2735 717 2800 practer
739 2726 885 2779 inmensam
908 2719 1030 2775 codicum

29 2873 30 2880 ἵ
83 2809 171 2879 copiam
194 2815 276 2880 atquc
299 2819 438 2884 excerpta,
469 2829 538 2885 qtrae
561 2813 640 2868 etiarn
662 2813 690 2866 in
713 2808 857 2880 Florilegia
879 2805 1032 2877 i'requentia

29 3057 31 3062 ·
137 3021 163 3087 ²³)
182 3038 227 3087 ap·
248 3030 339 3078 Perta.
359 3027 410 3076 XX
432 3046 458 3094 p.
480 3030 540 3077 117:
578 3027 637 3076 Cam
654 3029 727 3074 tracta
746 3024 862 3074 Bestiam
879 3024 905 3072 in
923 3021 1033 3071 omnibus

86 3088 244 3155 nbilrteopbiae
262 3097 405 3162 disciplinis
416 3097 560 3146 ediscendis
578 3103 654 3160 atque
673 3093 816 3143 tractandis
833 3107 947 3140 summum
966 3092 1033 3138 aritae

29 3197 30 3200 =
132 3167 175 3207 lum
192 3169 304 3215 solamen
322 3167 469 3216 existimem.
500 3180 525 3229 p.
544 3166 607 3214 355:
626 3162 733 3211 Boetius
751 3163 801 3210 cit:
821 3167 930 3223 „tropus
943 3159 1033 3206 nullius

30 3245 31 3252 ¹
133 3235 319 3290 membratim&

30 3297 32 3308 ’
138 3294 176 3358 *’)
195 3317 239 3366 ap.
258 3301 348 3351 Pertz.
366 3301 432 3348 MM.
452 3299 489 3349 VI
507 3301 555 3350 521
575 3315 600 3348 n.
622 3300 660 3348 1¹2.

30 3391 32 3424 r
139 3361 195 3433 ***)
214 3367 278 3418 abin.
297 3369 335 3420 v1
353 3370 395 3420 sa.

30 3427 34 3472 =¹
141 3435 167 3500 †)
186 3437 332 3487 Aschbaeh
352 3435 448 3486 Gesch.
468 3433 516 3484 der
533 3435 646 3484 Wiener
665 3433 746 3486 Univ.
765 3449 791 3497 p.
812 3433 907 3493 86sqq.
938 3428 1033 3476 Monu-

30 3513 31 3532 ³
134 3511 163 3553 tta
181 3506 335 3570 Prageusin
354 3504 367 3553 1
388 3509 398 3552 1
420 3521 445 3567 p.
465 3505 496 3553 76
