2458 3912
515 205 575 247 XIII

100 361 119 416 l.
148 353 310 414 41)--42α
345 360 465 434 quinque
500 359 629 432 opuscula
662 360 807 418 christiana
844 363 1031 433 continentur,

101 444 202 519 quibus
224 442 362 518 praecedit
384 443 405 500 l.
430 443 562 500 lii-4²
586 446 713 502 metricus
742 452 882 506 tractatus.
928 445 1030 502 Conso·

7 539 9 542 '
72 533 77 542 ”
100 530 198 586 lationi
219 531 248 586 in
270 529 391 602 margine
413 527 548 602 adscripta
570 537 634 585 sunt
656 529 780 604 longiora
802 529 905 604 aliquot
928 531 1031 588 scholia

42 649 46 652 -
101 614 214 687 amiqua
236 629 290 670 nou
312 613 398 686 prima
420 629 511 685 manu,
533 611 680 688 inquibus
702 616 802 670 citatur
834 617 927 672 Varro
950 615 1031 687 (idern

1 748 2 756 ,
101 699 224 755 ciusdem
254 697 331 754 locus
348 713 394 753 -ex
421 699 575 772 Augustino
604 700 631 755 in
653 698 862 756 Emmeramensi
891 699 931 773 (E)
960 701 1031 757 uitae

1 808 2 815 ¹
99 785 179 840 Boeti
212 782 373 838 subiunctus
410 782 463 854 est)
508 771 643 840 Ouidius'
662 783 820 858 Greporr'ur
854 785 1032 842 Naxaraeus

0 872 1 875 ’
100 865 158 942 (sic)
183 868 375 942 Porphyrius.
405 867 513 942 glossas
533 884 588 924 non
610 886 672 925 raro
688 867 813 925 librarius
829 870 1031 943 superscripsit.

0 997 1 1000 ,
100 951 268 1027 Quamquam
290 967 393 1008 summa
414 951 555 1028 diligentia
577 953 621 1010 lric
643 953 711 1010 liber
724 955 843 1028 scriptus
865 961 917 1026 cst,
940 963 1030 1010 tamen

1 1065 2 1069 =
102 1037 191 1094 semel
212 1045 288 1094 totus
310 1053 408 1093 uersus
431 1053 463 1094 err
486 1037 590 1095 scholio
614 1037 729 1112 quodam
756 1039 784 1094 iu
806 1047 965 1096 contextum
988 1039 1029 1094 in·

1 1153 2 1159 .
100 1124 190 1196 repsit
210 1121 243 1178 lll
267 1121 318 1194 10,
335 1121 374 1180 66
398 1121 477 1194 (bona
500 1125 582 1180 aliud
602 1131 688 1180 estet
709 1125 764 1181 doc
787 1125 888 1182 donum
911 1124 1033 1180 elidad

1 1209 3 1224 '
103 1208 208 1264 donum
230 1207 307 1264 uude
329 1224 387 1265 non
408 1209 464 1266 doc
479 1209 581 1265 bonum
603 1216 630 1265 et
651 1210 725 1266 illud
745 1224 800 1264 non
823 1224 883 1266 esse
905 1208 1030 1279 alterurn)

1 1311 15 1370 f
103 1301 131 1347 at
163 1293 217 1348 lroc
249 1290 349 1348 librarii
383 1300 426 1348 est
458 1294 559 1348 crimen
587 1293 668 1367 idque
702 1293 884 1349 leuissimum:
918 1295 1029 1366 grauius

1 1383 2 1440 ἲ
100 1377 233 1450 peccauit,
259 1379 305 1450 qui
321 1377 401 1432 huius
421 1378 589 1434 recensionis
610 1386 707 1434 auctor
728 1387 780 1448 est,
804 1394 964 1452 quamquam
979 1395 1029 1450 pro

1 1477 2 1480 ’
102 1461 152 1530 illo
177 1470 300 1535 tempore
322 1460 455 1518 laudabile
478 1463 535 1517 eius
558 1462 678 1519 studium
701 1460 853 1519 habendum
876 1463 936 1518 erit.
970 1478 1029 1518 narn

103 1563 159 1603 non
183 1545 273 1603 solam
295 1562 364 1619 quae
386 1547 492 1620 priores
514 1545 614 1603 librarii
637 1555 804 1618 errauerant‚
827 1548 879 1603 iste
901 1548 1029 1619 correxit,

103 1630 151 1688 sed
176 1633 256 1689 etiam
280 1647 349 1704 quae
370 1630 466 1688 Boario
494 1635 603 1706 propria
625 1640 700 1703 suut,
728 1631 850 1689 mutandi
872 1631 963 1688 studio
986 1630 1031 1688 ab·

102 1724 198 1790 reptas
229 1724 280 1771 tarn
310 1716 469 1790 frequenter
495 1715 608 1788 inllexit,
641 1724 670 1772 ut
700 1732 786 1790 paene
818 1734 907 1773 nouus
940 1734 1029 1773 sermo

103 1801 248 1858 boetianas
276 1809 404 1874 appareat
426 1800 503 1857 etin
531 1801 719 1859 consolatione
742 1809 769 1856 et
790 1803 818 1858 in
841 1803 922 1858 sacris
945 1804 1054 1876 scrip-¹

103 1887 149 1942 tis.
187 1884 275 1954 Quare
297 1885 399 1942 nullius
420 1885 465 1942 hic
486 1885 554 1943 liber
580 1887 662 1961 pretii
689 1888 717 1942 lu
745 1885 917 1942 emendandis
941 1887 1030 1943 uerhis

103 1973 236 2041 auctoris,
259 1979 286 2026 at
307 1971 414 2028 maximi
435 1971 458 2025 si
482 1973 541 2044 quis
564 1970 751 2028 boetianorum
768 1970 920 2027 studiorum
944 1972 1031 2044 qualia

102 2065 132 2112 et
155 2065 255 2130 quanta
278 2055 341 2113 olim
365 2055 466 2112 luerint
487 2055 654 2112 luculentum
677 2057 861 2112 testimonium
884 2054 1028 2112 desiderat.

1 2173 2 2176 =
107 2142 235 2196 Attamen
264 2141 420 2214 saepissime
448 2141 475 2196 in
498 2142 571 2197 notis
593 2143 615 2195 A
637 2141 754 2196 litteram
782 2141 918 2196 inuenies:
947 2142 1032 2213 signi·

103 2223 202 2282 ficatur
217 2235 316 2298 autem,
332 2225 478 2281 lectionem
502 2241 570 2299 quae
586 2223 760 2282 olibariannm
776 2223 927 2297 exemplum
951 2240 1030 2280 oceu-

100 2319 161 2384 pat‚
184 2311 236 2368 hoc
252 2327 306 2366 uno
322 2309 390 2366 libro
407 2310 465 2365 niti.
495 2310 571 2366 Nunc
594 2308 702 2383 quidem
718 2309 837 2382 paenitet
860 2324 958 2382 operae
981 2309 1030 2364 lrac

103 2397 131 2451 in
153 2410 184 2450 re
206 2393 307 2451 irustra
336 2395 475 2468 inpensae.
511 2391 648 2451 Peculiare
674 2393 756 2449 huius
778 2393 838 2450 libri
865 2393 1030 2450 additamen-

102 2489 162 2536 tum
193 2480 313 2554 quinque
341 2479 404 2535 illae
439 2481 510 2536 uitae
543 2487 608 2536 sunt
640 2479 755 2536 seorsim
782 2480 888 2552 positae
914 2479 941 2534 in
970 2478 1029 2534 aliis

101 2563 198 2636 libris,
221 2565 265 2621 hic
285 2565 361 2639 quasi
383 2565 594 2622 consarcinatae.
628 2564 694 2620 haec
720 2579 832 2637 quoque
862 2580 905 2618 res
933 2561 1030 2636 probat

1 2711 2 2716 .
101 2657 211 2722 praeter
237 2658 394 2706 contextum
423 2649 502 2705 huius
539 2648 704 2705 recensionis
734 2656 872 2704 auctorem
905 2664 1027 2718 munere,

101 2735 162 2791 siue
184 2735 243 2808 ipse
264 2734 314 2790 silri
338 2735 496 2808 inposuerat
523 2735 581 2790 siue
604 2733 663 2806 alii,
695 2733 819 2789 iunctum
842 2748 902 2788 esse
925 2747 1027 2788 summa

100 2818 235 2875 industria
257 2827 338 2893 atque
360 2821 531 2876 strenuitate.

62 2971 103 3020 cit
123 2973 154 3020 et
173 2965 282 3032 comm]
303 2971 331 3018 et
348 2982 395 3017 om.
407 2968 431 3017 A
465 2969 498 3020 38
515 2967 642 3034 pitagora
661 2971 689 3017 et
706 2965 841 3032 ptolomeo
870 2967 903 3015 42
921 2980 970 3015 non
990 2965 1030 3014 ci·

60 3038 179 3087 nitatem
202 3037 250 3086 sed
266 3039 294 3086 re
309 3035 450 3100 publicem
469 3037 493 3086 A
527 3037 560 3086 45
583 3035 688 3086 habens
704 3036 737 3086 cir
762 3033 947 3100 peritissimus
970 3047 1028 3096 sap.

59 3143 60 3148 ,
124 3117 194 3155 eone.
217 3104 242 3153 A
280 3105 313 3154 55
336 3103 407 3154 iecit
429 3103 506 3154 illum
528 3103 627 3154 librum
650 3105 673 3152 A
713 3104 746 3154 56
768 3102 936 3152 mentionem
958 3101 1030 3151 facit

124 3187 226 3222 omero
244 3171 420 3222 addreuiutum
459 3174 492 3223 60
515 3172 544 3221 in
563 3180 670 3238 utroque
688 3175 742 3222 loco
766 3172 838 3221 deest
873 3171 905 3221 61
923 3170 1029 3232 iutroq3

120 3241 203 3291 teletis
221 3241 328 3304 quidem,
347 3241 395 3290 sed
409 3241 484 3302 sacili
499 3242 647 3290 coniectura
658 3237 820 3304 supplendis]
839 3238 863 3288 A
892 3239 924 3288 69
943 3231 1024 3288 anicr’

59 3349 60 3356 ,
120 3311 150 3358 ll
174 3307 363 3358 teodericoA
399 3309 432 3358 74
455 3307 643 3374 auspicatoA
683 3309 715 3358 li
738 3306 984 3372 praetenderentur
1006 3308 1029 3354 A

128 3375 239 3426 *enteA
274 3377 307 3425 80
331 3377 480 3430 estona
515 3379 548 3428 81
566 3375 704 3426 mallioA
740 3375 773 3425 81
796 3378 893 3424 osteo
917 3371 1028 3435 quodA

58 3457 60 3488 ὲ
120 3443 156 3494 .el
179 3443 250 3509 quod
269 3441 315 3510 (q)
333 3444 357 3493 Δ
391 3445 425 3495 89
447 3445 521 3510 dign.
545 3445 651 3495 habens
673 3442 720 3493 nel
737 3445 761 3494 A
779 3467 811 3478 —
833 3446 941 3505 praeter
963 3441 1027 3490 daeo

59 3541 60 3559 t
130 3513 239 3577 plurima
257 3512 284 3562 ira
301 3514 340 3562 dis
355 3515 446 3577 paucis
461 3515 572 3578 popellis
589 3513 632 3564 ille
650 3513 755 3563 errauit.
