2388 3910
151 161 194 226 42
499 157 775 219 runosoemue

152 335 318 415 potentiue
340 341 436 414 putes,
460 333 513 412 qui
534 331 617 412 quod
637 332 702 412 ipse
725 334 757 394 in
779 331 838 398 elio
853 337 967 410 potest,
992 347 1030 396 ne
1047 329 1127 396 idio

152 437 186 482 se
209 418 285 482 alter
306 418 420 489 ueieet,
450 417 570 480 eiicere
599 434 658 478 noo
680 417 794 496 possiti
837 417 881 478 td
904 414 980 485 baec,
1002 416 1028 475 si
1051 415 1127 494 ipsis

152 503 351 582 dignitatibus
373 519 407 566 ee
427 501 629 582 potestatibus
650 502 762 566 inesset
784 501 898 582 etquid
918 499 1068 572 neturulis
1090 516 1125 562 ec

113 590 269 668 oproprii
297 588 386 660 boni,
416 605 578 669 numquam
604 588 744 664 pessimis
771 588 979 668 prouenirent.
1025 601 1125 666 neque

153 675 234 744 eninr
262 673 319 742 sibi
348 673 448 740 solent¹
472 673 601 736 aduersa
627 675 746 736 socieri.
797 678 911 743 nature,
932 671 1063 751 respuit,
1092 677 1125 732 ut

152 760 304 824 contrarie
332 774 472 839 quaeque
495 759 669 836 iungentur.
720 756 764 824 lte
791 774 860 825 cnm
887 755 1034 836 pessimos
1061 755 1123 836 ple·

152 861 281 924 rumque
303 842 500 923 dignitatibus
521 843 607 920 iungi
630 841 756 907 brubium
772 859 833 907 non
856 844 911 913 sit,
934 839 1013 908 illud
1031 842 1123 907 etiam

151 928 246 1010 liquet
266 936 377 996 nature
397 930 443 993 sui
467 927 547 993 bono
567 945 627 993 non
650 945 716 990 esse
738 946 813 1012 quoe
837 944 871 991 se
891 927 1030 1007 pessimis
1053 925 1122 990 bee-

113 1030 219 1076 erere
242 1014 404 1095 potientur.
447 1013 528 1093 qnod
555 1011 677 1093 quidem
699 1013 736 1080 de
758 1013 876 1080 cunctis
900 1013 1036 1079 fortunae
1060 1029 1122 1074 mu·

150 1097 407 1178 neribusdigniuc
422 1099 591 1167 existimari
603 1107 710 1178 potest,
727 1116 804 1178 quae
819 1097 856 1160 ed
871 1095 1121 1178 inprobissimurn

115 1254 119 1257 ,
150 1201 301 1265 quemque
321 1183 468 1252 uberiore.
489 1185 680 1264 perueniunt.
724 1182 767 1244 De
790 1181 903 1263 quihut
930 1181 1007 1250 tlluu
1031 1183 1122 1246 etiam

151 1268 404 1338 considerandum
425 1275 512 1350 puto.
542 1268 621 1349 quod
649 1286 738 1334 nemo
760 1267 880 1333 dubitat
906 1285 972 1334 esse
1001 1267 1119 1335 sonem,

151 1355 202 1422 cui
223 1352 430 1422 fortitudinem
451 1352 549 1420 inesse
573 1356 774 1435 conspexerit.
814 1359 844 1414 et
866 1355 1046 1433 cuicumque
1070 1369 1119 1420 ne·

112 1438 256 1500 uelocitas
277 1438 362 1502 edest
383 1440 575 1504 menifestum
598 1446 730 1502 estesse
754 1439 898 1506 celocem.
935 1436 984 1506 Sit
1007 1438 1120 1505 musica

150 1524 273 1604 quidem
300 1525 433 1590 roolrsicos¹
459 1524 608 1588 medicine
635 1523 769 1592 medicos
803 1524 962 1592 rhetorice
983 1521 1120 1594 rhetores

149 1609 231 1670 iecit.
275 1611 339 1687 ogit
365 1609 445 1674 enirn
473 1610 617 1689 cuiusque
645 1611 692 1672 rei
719 1615 826 1676 natum
853 1609 934 1690 quod
963 1608 1118 1688 proprium

151 1701 197 1756 est
218 1711 274 1757 nec
297 1695 515 1762 contrariarum
537 1712 640 1758 rerum
656 1696 801 1760 miscetur
818 1692 980 1762 effectibus
996 1699 1029 1753 et
1043 1691 1118 1757 ultro

150 1796 226 1858 quoe
249 1785 318 1846 sunt
339 1795 445 1844 euersa
468 1778 599 1859 depellit.
644 1780 734 1859 Atqui
757 1797 813 1845 nec
842 1797 915 1859 opes
942 1776 1117 1858 inexpletam

111 1875 137 1920 se
149 1864 338 1942 restinguere
362 1864 517 1927 auaritiam
540 1873 653 1945 queunt
669 1883 724 1926 nec
740 1872 874 1945 potestus
888 1865 936 1924 sui
951 1869 1115 1942 compotem

149 1947 259 2010 fecerit
280 1965 370 2028 quem
393 1950 520 2012 uitiosae
542 1948 687 2015 libidines
709 1947 923 2012 insolubilibus
946 1947 1117 2013 edsuietum

149 2034 283 2097 retinent
305 2036 436 2097 cetenis:
459 2042 491 2096 et
515 2035 623 2097 collate
644 2034 795 2114 improbis
810 2034 941 2112 dignitas
956 2051 1019 2101 non
1032 2032 1117 2096 mode

149 2135 210 2180 uon
232 2117 325 2186 elficit
347 2119 469 2199 dignos,
499 2117 551 2182 scd
579 2120 681 2200 prodit
707 2121 808 2199 potius
836 2127 866 2180 et
888 2125 1017 2183 ostentet
1045 2117 1117 2180 indi·

149 2219 235 2282 goos.
266 2203 326 2269 Cur
347 2206 388 2266 ite
411 2205 569 2284 prouenit?
610 2204 746 2284 gaudetis
770 2207 850 2269 enim
873 2221 923 2268 res
944 2221 1010 2266 sese
1034 2203 1117 2268 aliter

111 2301 137 2344 eo
150 2288 296 2352 hebentes
317 2289 403 2356 tabis
422 2290 601 2371 compellere
623 2288 796 2358 nominihus
823 2307 900 2369 quae
922 2287 1012 2352 leoile
1039 2289 1116 2368 ipse·

148 2391 216 2434 rum
239 2391 342 2437 rerum
365 2373 589 2453 redarguuntur
617 2375 741 2438 effectu:
770 2376 870 2455 itaque
899 2391 955 2444 nec
983 2371 1055 2438 illac
1076 2373 1117 2437 di·

148 2458 242 2522 uitiae
264 2475 321 2520 neo
343 2457 394 2523 ille
416 2461 547 2537 potentie
571 2477 627 2523 nec
649 2460 723 2522 baec
746 2460 875 2538 dignitas
892 2460 959 2524 iure
975 2457 1117 2538 appellari

148 2548 255 2622 potest.
286 2543 441 2605 Postremo
463 2544 543 2606 idem
566 2544 603 2608 ds
625 2551 688 2606 tote
710 2543 890 2608 concludere
905 2544 1026 2612 fortuna
1048 2543 1118 2608 lieet

217 2815 299 2866 utin
315 2813 400 2866 elium
418 2814 469 2866 KG
518 2817 552 2867 39
569 2817 603 2867 40
621 2830 656 2866 ao
674 2813 858 2882 potestatibus
872 2829 920 2868 oro.
939 2813 974 2864 E·
1015 2815 1049 2868 41
1068 2813 1117 2864 libi

149 2897 195 2933 om.
215 2881 242 2931 K
304 2883 337 2933 42
354 2885 488 2950 runganr’
507 2883 532 2933 D
592 2884 625 2934 43
643 2897 699 2934 non
715 2881 826 2934 dubium
844 2881 880 2934 sut
897 2883 925 2932 Κ
988 2883 1028 2934 46.
1040 2883 1116 2948 impr.

147 2947 186 2998 11¹
203 2949 274 3013 iupr.
291 2945 382 3003 D²EK
432 2952 465 3002 ti
485 2963 622 3016 quemque
635 2967 657 3002 ω
681 2964 844 3020 quemquem
861 2951 947 3006 nendo
966 2951 1023 3018 pute
1038 2947 1044 3014 Ι
1058 2964 1118 3016 pro·

147 3016 265 3068 ueniunt
281 3016 378 3067 near
395 3019 561 3084 perueniunt
572 3017 647 3076 ΠΕΟ
663 3025 689 3069 et
704 3017 728 3068 T
741 3020 769 3069 tc
785 3034 833 3084 mp.
845 3025 898 3076 ant.
914 3019 979 3082 fort.
998 3033 1050 3084 pr„
1063 3033 1118 3069 earo

147 3086 175 3134 in
192 3089 314 3138 conleoetu
331 3101 385 3140 uox
403 3087 475 3138 decet
489 3083 494 3152 Ι
510 3087 592 3142 etiem
611 3085 681 3137 illud
699 3087 724 3138 A
801 3088 835 3138 49
853 3087 1008 3152 cuicunque
1027 3085 1054 3138 E.

148 3152 181 3204 51
200 3149 308 3204 mrsrcof
324 3152 348 3202 T
360 3150 364 3218 Ι
379 3152 519 3208 rhetorica
536 3169 582 3206 one
601 3152 642 3204 12¹
668 3153 807 3222 rethorice
828 3154 879 3204 ΤΚ
906 3151 1064 3207 rhetoricae
1079 3149 1116 3204 D¹

148 3223 216 3275 unde
237 3219 377 3272 rhetorice
399 3237 447 3288 epo
466 3221 471 3286 1
491 3221 617 3274 rhetores
630 3221 713 3274 DEK
729 3222 800 3274 reth.
823 3222 848 3273 T
929 3224 963 3274 43
982 3227 1011 3274 et
1027 3237 1050 3276 or
1072 3220 1117 3273 sed

147 3289 174 3338 Α
255 3290 287 3341 53
306 3289 339 3340 54
356 3288 455 3354 ultroqr
474 3289 535 3344 luet
552 3289 581 3340 Κ
666 3291 699 3341 ot
718 3288 831 3346 aduenio
848 3305 896 3342 oro.
914 3289 943 3340 Κ
1027 3290 1062 3342 et
1078 3305 1117 3342 re·

148 3354 283 3420 stringere
301 3355 349 3408 ΒΟ
428 3359 462 3410 tc
479 3355 606 3409 libidinis
621 3357 674 3424 (pr.
693 3357 728 3421 e.)
750 3357 788 3422 ΤΙ
807 3357 887 3410 adfer.
909 3357 984 3410 Tun
1013 3357 1116 3412 uituli

147 3487 179 3542 Ἤ
215 3424 323 3541 t'eT‘liup.
341 3441 377 3476 eor
393 3425 459 3491 imp.
479 3422 517 3475 θ’
585 3427 618 3479 59
637 3426 714 3490 Quor
730 3424 759 3476 K
828 3427 859 3477 61
878 3421 1114 3494 redargueturT!

146 3506 195 3542 oe
