2458 3912
632 183 707 224 xxvi

183 339 248 393 tiana
269 353 330 393 cum
357 344 483 409 superest
510 333 612 408 syllaba
634 328 668 407 fin
696 333 762 390 duas
790 335 909 390 soluitur
935 333 1043 392 breues.
1065 337 1156 390 uritur

147 411 274 478 stantem
301 420 354 477 hoc
382 419 423 475 bis
452 421 502 475 itai
540 419 560 475 0
597 417 723 474 stelliferi
752 418 878 476 conditor
906 417 988 477 orbis.
1034 417 1155 487 Quantas

184 522 275 564 rerum
298 503 383 560 sscctit
410 503 536 561 habenas.
576 501 704 570 Quamuis
733 504 955 576 ireqnentissime
983 507 1012 561 in
1040 507 1080 561 eis
1111 505 1155 560 da·

185 591 265 648 ctilus
287 591 437 648 inuenitur.

270 675 391 734 Sextum
418 677 571 749 plicantun
599 673 673 748 quod
700 681 808 732 constat
842 674 964 749 spondeo
993 674 1156 731 choriambo

184 761 321 836 pyrrichio
345 761 545 834 quinquiesque
573 758 601 814 id
630 759 708 833 ponit
736 761 780 816 his
809 759 946 817 uersibus:
978 759 1045 815 Cum
1067 759 1158 832 phebi

148 845 265 906 mradiis
294 861 389 920 graue.
432 843 510 912 Quod
533 842 650 900 mundus
673 843 762 900 stabili
785 842 846 903 lide.
886 842 960 902 l'elix
988 845 1035 918 qui
1064 845 1158 917 potuit

184 931 258 987 honi.
297 929 358 984 Vela
380 928 468 984 niretii
492 928 578 986 ducis.
617 927 757 996 Quondam
781 929 903 1002 porticus
926 929 1028 984 attulit.

270 1014 426 1086 Septimum
454 1012 608 1070 dactilicum
640 1013 784 1070 dimetrum
821 1014 1006 1071 catalecticum
1037 1015 1080 1069 cui
1116 1022 1159 1068 est

185 1114 285 1155 nomen
300 1099 413 1156 adonio.
438 1097 610 1155 catalecticus
625 1106 715 1154 autem
731 1114 828 1154 uersus
851 1099 951 1156 dicitur
965 1100 1009 1155 cui
1025 1115 1077 1154 una
1102 1097 1158 1170 syl·

185 1182 242 1240 laba
264 1183 350 1239 deest.
373 1183 451 1256 pouit
474 1182 614 1240 autemid
637 1183 720 1239 semel
736 1191 841 1239 tanturn
863 1183 915 1240 hoc
937 1183 1036 1240 modo:
1074 1182 1158 1238 h'ubi·

147 1284 172 1324 as
185 1267 236 1324 hus
259 1268 335 1324 atris.

272 1352 412 1410 Octauum
441 1369 529 1428 genus
558 1351 700 1409 iambicum
729 1363 772 1408 cst
806 1352 999 1426 hypoaeolium
1026 1359 1157 1408 constans

186 1441 308 1494 trimetro
336 1439 483 1494 acatalecto
516 1436 622 1494 claudo.
655 1435 766 1493 iambica
790 1453 856 1494 uero
890 1445 974 1493 metra
1007 1435 1157 1510 imparibus

185 1522 293 1596 quidem
316 1523 384 1578 locis
400 1531 517 1594 possunt
531 1523 653 1595 recipere
668 1520 784 1576 iambum
801 1515 980 1597 [tribrachum
1002 1520 1156 1595 spondeum

186 1605 313 1662 dactilum
335 1615 502 1680 anapestum.
532 1604 686 1680 inparibus
709 1604 826 1662 iamharn
847 1607 965 1674 tantum]
991 1605 1036 1662 uel
1059 1605 1159 1660 tribra-

146 1719 171 1758 50
185 1692 248 1747 chin
270 1698 298 1746 et
326 1689 485 1764 frequenter
514 1690 584 1764 apud
612 1691 730 1747 comicos
758 1699 915 1765 anapestum
941 1693 978 1746 ita
1006 1699 1098 1746 tamen
1127 1699 1158 1744 ut

185 1773 330 1832 multarum
353 1772 477 1832 bronium
499 1777 624 1832 iunctura
646 1777 758 1832 uitetur.
810 1774 965 1832 huiusmodi
986 1782 1078 1830 antem
1101 1791 1158 1830 me-

185 1870 258 1916 trum
286 1859 327 1914 his
360 1860 455 1933 posuit
487 1860 539 1916 hoc
572 1860 669 1917 modo:
710 1859 781 1917 Haec
808 1875 868 1917 cum
895 1858 1011 1934 superba
1040 1862 1159 1916 uerterit

184 1945 259 2000 uices
281 1943 384 2000 deutra.
423 1943 551 2018 Quisquis
572 1945 708 2018 profunda
730 1954 820 2002 mente
842 1947 963 2019 uestigat
985 1960 1090 2002 uerum.

270 2029 383 2085 Nonum
412 2036 455 2086 est
482 2032 699 2102 asclepiadeum
727 2030 800 2103 quod
836 2027 866 2085 iit
893 2028 1016 2103 spondeo
1045 2029 1157 2086 duobus

147 2137 172 2176 55
186 2113 328 2170 coriambis
356 2114 492 2188 pyrrichio
515 2116 574 2170 siue
602 2113 689 2170 iambo
712 2116 754 2169 cui
778 2122 805 2169 et
823 2113 1017 2186 ferecratium
1039 2114 1159 2170 subiecit
1218 2167 1223 2174 .

185 2208 313 2256 constans
336 2197 459 2272 spondeo
482 2197 581 2256 daotllo
604 2198 737 2272 spondeo.
775 2214 842 2254 usus
869 2209 960 2255 autem
988 2199 1036 2254 tali
1065 2201 1159 2254 uarie·

185 2293 240 2340 tate
256 2293 299 2339 est
313 2283 397 2340 semel
412 2292 517 2340 tantum
539 2285 589 2340 ita:
618 2282 646 2339 Si
669 2291 781 2356 quantas
794 2283 892 2357 rapidis
916 2282 1025 2339 [latibus
1040 2286 1156 2340 incitus.

185 2367 289 2423 Pontus
313 2375 405 2423 uersat
427 2368 551 2424 harenas.
1034 2412 1038 2414 -
1226 2427 1228 2434 ,

269 2453 417 2508 Decimum
440 2461 482 2509 est
502 2454 654 2526 saphicum
677 2452 752 2525 quod
771 2462 878 2510 constat
901 2453 1013 2510 trocheo
1029 2452 1156 2527 spondeo
1227 2443 1228 2486 1

148 2557 173 2596 co
187 2537 284 2593 dactilo
309 2535 414 2592 duobus
437 2538 565 2594 trocheis.
589 2537 697 2593 miscuit
712 2547 802 2594 autem
825 2538 889 2594 huic
911 2537 1060 2594 secuudum
1083 2553 1157 2594 sem·

185 2638 235 2696 per
257 2638 368 2678 uersum
389 2625 543 2696 pliconium
565 2621 598 2678 de
621 2637 676 2695 quo
699 2624 824 2696 superius
853 2623 962 2680 dictum.
993 2623 1067 2696 quod
1090 2639 1155 2678 eum

185 2706 268 2763 semel
291 2715 397 2764 tantum
420 2707 516 2764 iecisse
537 2708 660 2764 inuenies
688 2709 740 2763 sic:
779 2706 844 2764 Cum
875 2707 941 2782 polo
963 2706 1086 2781 phoebus
1110 2724 1157 2763 ro·

185 2793 238 2848 seis
262 2793 409 2866 quadrigis.
447 2791 546 2849 Lucem
568 2809 698 2867 spargere
721 2793 834 2866 ceperit.

279 2878 461 2934 Vndecimum
483 2893 570 2952 genus
596 2879 749 2935 iambicum
771 2881 991 2935 anacreontium
1014 2885 1056 2933 est
1079 2877 1156 2950 quod

147 2981 171 3022 cs
185 2969 292 3017 constat
314 2961 429 3018 dimetro
452 2962 607 3018 catalectico
636 2963 713 3019 cuius
736 2962 885 3019 secundum
912 2977 1023 3019 uersum
1050 2977 1155 3035 suppo-

185 3047 240 3102 suit
259 3046 452 3118 ferecratium
474 3045 548 3120 quod
578 3045 660 3120 paulo
688 3053 750 3103 ante
772 3048 920 3104 memoraui
948 3047 1083 3120 talemque
1108 3063 1155 3101 ua·

184 3133 326 3187 riationem
349 3131 413 3187 iacit
434 3139 539 3188 tantum
562 3131 643 3187 modo
667 3131 749 3189 semel
772 3133 817 3187 ita.
857 3130 984 3205 Quisquis
1007 3131 1083 3188 uolet
1105 3148 1144 3204 pe

185 3233 295 3272 renuam
318 3215 417 3271 Cautus
440 3232 542 3290 ponere
564 3215 665 3272 sedem.

252 3419 286 3466 34
304 3415 401 3467 duaM
470 3417 502 3468 36
520 3415 616 3465 flectat
632 3415 665 3464 M
732 3415 890 3467 dactilisM
948 3419 981 3466 41
1000 3417 1153 3468 niretiisM

185 3482 218 3533 48
236 3498 257 3533 s.
275 3483 338 3534 baec
356 3495 403 3532 om.
422 3483 456 3533 M
470 3481 680 3547 infrequentes
699 3483 731 3534 M
798 3485 831 3534 5⁷
850 3486 960 3548 quantis
980 3485 1010 3534 M
