2388 3910
357 197 650 252 consonsrrorus
673 199 716 252 111
978 201 1018 266 61

49 371 137 432 lacit:
164 369 220 430 hoc
242 371 335 448 igitur
356 371 445 432 modo
461 372 606 432 malorem
628 371 754 451 regibus
775 374 874 434 inesse
896 390 1020 435 necesso

1 509 2 527 Ι
49 461 97 517 est
126 455 269 517 miseriae
297 458 477 535 portionem.
522 464 664 535 expertus
691 459 781 520 sortis
810 476 881 520 suae
903 459 1021 537 pericu·

1 536 3 616 Ι
48 542 151 602 lorum
172 548 318 620 tyrannus
339 542 425 620 regni
448 548 545 603 melus
571 541 732 622 pendentis
755 562 846 624 supra
874 546 1020 608 uerticem
1034 563 1059 606 n

49 625 144 704 gladii
168 632 286 687 terrore
309 626 470 688 simulauit.
506 625 588 698 Quae
611 635 656 690 est
679 629 772 707 igitur
792 628 868 690 haec
890 636 1022 708 potestas

1 729 2 784 Ι
48 729 128 790 quae
150 709 386 773 sollicitudinum
410 729 528 773 morsus
549 711 714 791 expellere,
739 731 813 796 quae
829 715 1021 776 formidinum

1 795 2 798 ’
47 796 172 858 aculeos
198 798 298 857 uitare
325 797 449 877 nequit?
499 799 581 878 atqui
609 797 723 860 uellent
752 797 812 880 ipsi
840 800 953 860 uixisse
975 817 1021 861 se·

47 883 131 950 curi.
158 880 209 944 sed
232 887 401 961 nequeunt:
424 881 533 943 dehinc
555 879 592 944 de
607 889 753 962 potestate
769 883 946 963 gloriantur.
976 884 1021 946 dn

1 953 2 1046 J
48 973 80 1028 tu
103 972 261 1047 potentem
284 983 391 1029 censes
413 981 501 1048 quern
523 968 629 1030 uideas
650 967 729 1030 uelle
757 968 835 1050 quod
864 987 922 1030 non
951 987 1019 1050 pos·
1034 991 1059 1030 so

1 1048 2 1134 Ι
49 1054 89 1112 sit
112 1052 255 1113 allicere?
296 1058 447 1132 potentem
470 1069 575 1114 censes
596 1053 647 1134 qul
669 1053 796 1116 satellite
818 1053 895 1116 latus
917 1053 1020 1123 ambit,

1 1136 2 1200 l
49 1137 99 1217 qui
122 1155 200 1218 quos
222 1145 319 1198 terret
340 1139 407 1216 ipse
435 1137 501 1216 plus
529 1141 650 1200 metuit:
680 1141 733 1220 qui
761 1146 794 1200 ut
820 1144 928 1218 potens
955 1157 1021 1202 esse

1 1223 2 1234 ¹
49 1220 209 1292 uideatur,
231 1223 264 1283 in
287 1224 484 1284 seruientium
507 1241 597 1286 manu
625 1225 715 1285 situm
744 1225 808 1284 esti
852 1223 926 1286 Nam
949 1224 1021 1305 quid

1 1337 2 1378 Ι
49 1325 104 1386 ego
129 1308 168 1368 de
191 1323 297 1386 regum
319 1305 521 1370 familiaribus
548 1307 709 1380 disseram,
740 1325 807 1370 cum
835 1325 928 1386 regna
956 1311 1021 1387 ipsa

1 1421 2 1462 Ι
49 1400 150 1454 tantae
178 1391 384 1455 inbecillitatis
415 1393 503 1473 plena
536 1393 757 1455 demonstrem?
791 1411 866 1472 quos
899 1392 1061 1472 quidenna

1 1466 3 1558 Ι
50 1480 135 1556 regia
159 1485 292 1558 potestas
313 1496 402 1559 saepe
430 1479 588 1541 incolumis
611 1495 699 1558 saepe
727 1484 826 1541 autern
848 1478 929 1558 lapsa
951 1494 1021 1557 pro·

1 1575 3 1590 ’
50 1563 179 1625 sternit?
235 1561 315 1624 Nero
348 1563 491 1626 Senecam
526 1563 702 1627 lamlllarem
735 1570 1021 1652 praeceptoremqpe

1 1647 2 1696 ἶ
51 1665 137 1710 suum
157 1648 200 1732 ‚ad
223 1645 377 1728 eligendae
407 1651 513 1712 mortis
539 1652 639 1729 coegit
669 1648 840 1711 arbitrium.
883 1643 1022 1729 Papinla·

1 1765 2 1776 Ι
50 1749 120 1795 uum
145 1733 200 1795 diu
220 1735 303 1795 inter
330 1733 442 1796 aulicos
463 1741 615 1816 potentem
644 1734 772 1796 militum
801 1732 908 1813 gladiis
930 1735 1021 1796 Anto·

1 1822 2 1910 J
51 1821 140 1881 ninus
166 1817 284 1880 obiecit.
326 1823 409 1901 atqui
430 1827 556 1901 uterque
578 1823 730 1902 potentiae
753 1835 823 1882 suae
846 1821 1020 1881 renuntiare
1035 1841 1060 1882 ao

1 1923 2 1974 3
54 1901 233 1976 uoluerunt,
268 1919 396 1984 quorum
425 1903 537 1967 Seneca
569 1923 642 1987 opes
675 1907 764 1967 etiam
799 1917 867 1966 suas
901 1903 1022 1966 tradere

1 1999 2 2009 ¹
54 1985 169 2052 Neroni
191 2007 283 2071 seque
305 1992 337 2052 ln
360 1992 454 2051 otium
477 1990 615 2052 conlerre
638 1997 761 2053 conatus
783 1997 841 2051 est:
871 1990 922 2052 sed
952 1989 1022 2051 dnm

1 2074 2 2130 ἒ
53 2077 187 2137 ruituros
208 2072 303 2136 moles
324 2075 389 2157 ipsa
410 2073 519 2147 trahit,
549 2084 656 2138 neuter
682 2075 762 2156 quod
790 2075 886 2136 uoluit
914 2075 1022 2135 elleoit.

1 2165 2 2226 l
53 2157 133 2230 Quae
164 2167 209 2222 est
235 2160 329 2240 igitur
356 2163 413 2222 ista
440 2163 575 2240 potentia
609 2178 697 2243 qnam
726 2161 941 2240 pertimescunt
968 2158 1021 2220 ha·

1 2239 3 2308 ἕ
54 2242 176 2316 lentes,
199 2262 288 2325 quarn
310 2264 367 2307 neo
389 2264 457 2307 cum
485 2245 598 2307 habere
620 2246 697 2306 uelis
719 2253 803 2306 tutus
832 2246 875 2305 sis
901 2251 932 2304 et
954 2261 1021 2305 cum
1035 2260 1061 2304 as

56 2329 207 2411 deponere
229 2332 348 2408 cupias,
373 2332 470 2393 uitare
493 2348 552 2392 non
575 2331 691 2410 possis?
720 2330 766 2391 dn
787 2328 937 2408 praesidio
954 2337 1023 2390 sunt

55 2415 158 2486 amici,
180 2432 254 2496 qnos
275 2433 336 2476 non
358 2417 455 2478 uirtus
470 2414 523 2477 sed
537 2417 657 2479 lortuna
674 2415 831 2476 conciliati
866 2415 917 2476 sed
934 2431 1022 2495 quem

1 2508 2 2531 ³
55 2499 185 2562 felicitas
217 2501 344 2563 amicum
376 2503 462 2572 lecit,
496 2499 694 2564 inlortunium
732 2502 822 2563 saciet
855 2501 1021 2561 inimicum.

123 2756 157 2805 14
174 2751 255 2806 sortis
263 2753 327 2806 luae
343 2755 420 2805 I'EK
435 2755 498 2808 luce
512 2754 592 2807 lortil
600 2754 673 2806 Did
689 2752 693 2820 Ι
708 2753 793 2820 perio.
805 2753 830 2802 D
848 2748 1024 2818 perieulllum

1 2788 2 2881 ᾗ
58 2820 96 2884 (or
113 2823 166 2882 er.)
185 2823 213 2872 n
315 2824 348 2874 to
370 2821 517 2892 tyrannus]
542 2823 681 2888 atomum
697 2839 721 2873 a.
741 2821 794 2883 aaa.
816 2820 890 2872 rasa.
909 2821 977 2886 cop.
1000 2820 1028 2870 V

58 2890 141 2941 2126
164 2886 261 2944 Horat.
285 2891 313 2942 0.
331 2891 384 2941 III
406 2893 472 2942 117
495 2890 499 2957 Ι
522 2895 626 2942 melum
648 2892 679 2941 ci.
701 2889 901 2940 RVollcmanoas
925 2886 929 2954 Ι
956 2903 1024 2955 pen·

1 2990 2 3021 3
59 2957 151 3010 dentes
162 2957 200 3008 D1
247 2961 281 3011 17
299 2959 510 3012 sollicitudinem
522 2957 617 3010 DKT¹
634 2949 849 3010 sollicitudinum
863 2955 1003 3008 T²EBOA
1017 2953 1021 3023 Ι

58 3025 157 3077 morsus
174 3025 327 3079 scltrsL
400 3029 435 3079 23
453 3025 675 3092 seruitutentimn
692 3026 722 3076 K
746 3025 750 3090 Ι
771 3025 841 3077 litus
854 3023 869 3076 d
886 3025 915 3076 K
991 3027 1025 3076 25

1 3159 2 3162 J
58 3094 110 3144 inlr«.
133 3093 212 3146 I'EK
288 3097 321 3147 26
339 3095 403 3162 iepe
423 3095 463 3159 ΤΙ
479 3083 624 3148 incolumis
642 3093 693 3145 BE
713 3094 857 3146 incolomis
877 3090 946 3156 ant
962 3097 1024 3159 lepc

147 3199 181 3250 28
200 3173 327 3250 elisendae
346 3198 372 3249 E
389 3196 535 3266 elingende
551 3197 582 3249 K
598 3174 733 3264 lcoaegit
750 3199 775 3247 D
799 3195 803 3262 Ι
826 3191 1022 3262 Papinianum]

1 3281 2 3285 ¹
100 3269 212 3318 artiaoas
236 3268 263 3318 ia
280 3267 407 3319 Antonini
424 3266 553 3319 Caracalli
569 3271 620 3318 uita
639 3269 655 3316 4
677 3275 702 3318 et
724 3267 749 3318 8.
776 3263 804 3316 S.
822 3264 912 3314 Aarel.
935 3261 1026 3312 Victor

108 3333 262 3386 Caesaribus
279 3333 334 3386 XX
348 3337 390 3396 33
445 3335 478 3386 29
496 3331 610 3401 gladiis]
629 3337 700 3386 immo
717 3335 803 3384 semma·
817 3333 869 3385 aid.
892 3329 1022 3396 Vallinusl

1 3413 2 3446 1
104 3402 190 3453 >onius
203 3403 256 3454 EA
325 3405 359 3454 30
378 3399 467 3470 alqui]
488 3409 518 3454 at
535 3401 580 3468 ΕΙ
600 3400 774 3469 relssnntiarc
792 3397 818 3450 Ε
886 3400 917 3450 31
937 3396 1026 3449 uoluit

1 3489 2 3492 ¹
117 3473 170 3523 aid.
190 3470 305 3522 Senecae
322 3472 407 3522 oratio
429 3471 490 3524 Tae.
509 3472 543 3524 Α.
561 3471 659 3523 XIIII
676 3473 711 3522 54
780 3463 968 3534 acceptetis

1 3607 2 3623 J
108 3539 239 3592 conciliat
255 3538 296 3608 (cl
313 3543 347 3592 al.
365 3537 426 3604 παλ)
443 3539 469 3590 E
537 3540 570 3591 38
588 3537 659 3590 lacit
677 3539 705 3589 K
713 3537 719 3571 ¹
