2458 3912
616 205 704 248 xxxtl

177 370 257 434 state,
279 359 387 418 boetius
411 375 477 416 uero
499 361 527 414 in
555 360 678 434 pretorio
702 359 792 414 amieis
820 358 878 412 eius
908 353 1144 412 circumstantibus

141 466 165 504 ro
179 447 274 523 gladiis
297 447 475 519 iuteremptus
500 453 551 502 est.
1219 442 1221 445 ’

123 543 166 594 111
262 531 372 586 Boetius
394 531 446 586 iste
468 529 501 586 de
524 528 623 586 familia
651 527 703 583 suit
726 526 817 583 manlii
839 527 961 600 torquati
983 523 1146 582 nobilissimi

177 617 239 672 uiri.
265 617 310 689 qui
340 617 418 670 etiam
446 615 627 688 peritissimus
656 612 708 669 luit
735 612 879 686 utriusque
901 611 1010 685 liuguae
1033 624 1146 684 graecae

175 707 204 756 et
225 700 335 756 latinae.
373 699 448 756 Vnde
464 707 492 754 et
515 698 600 755 tultus
616 698 779 754 auctoritate
795 711 907 771 graecae
930 695 1061 752 scientiae
1075 693 1147 750 mul·

176 794 220 842 tos
243 783 327 843 libros
350 784 384 840 de
407 799 505 858 graeco
527 785 555 839 in
577 782 689 838 latinum
713 781 863 838 transtulit.
901 779 975 836 lecit
991 773 1047 856 [et]
1072 795 1147 836 com·

150 878 297 932 amentum
313 883 395 943 super
422 884 559 943 ysagogas
584 868 611 924 .i.
634 866 852 924 introductiones
879 864 1038 922 aristotelis.
1060 862 1148 920 edidit

88 987 89 990 =
175 962 202 1010 et
232 952 304 1010 aliud
338 969 421 1026 super
453 953 593 1028 porphyrii
626 952 817 1025 periermenias
841 951 869 1006 .i.
903 949 1147 1022 interpretationes
1224 998 1226 1001 ,

175 1039 249 1112 quod
272 1039 364 1094 diuisit
394 1039 422 1093 in
450 1036 504 1094 duo
535 1036 682 1094 uolumina.
721 1035 842 1103 Quorum
872 1035 987 1091 alterum
1020 1033 1147 1089 analitioa

176 1124 202 1178 .i.
227 1122 391 1179 resolutoria
413 1122 561 1196 appellauit
579 1121 624 1178 ubi
641 1137 735 1178 omnes
754 1120 906 1196 syllogismi
927 1118 1080 1175 rethoricae
1103 1134 1147 1172 ar-

174 1209 210 1264 tis
243 1207 431 1264 resoluuntur.
476 1207 634 1282 Composuit
669 1206 797 1262 musicam
832 1220 911 1279 quam
945 1202 1084 1259 transtulit
1111 1201 1148 1256 de

138 1310 162 1352 ιο
176 1293 320 1368 pithagora
343 1301 371 1348 et
392 1291 532 1366 ptolomeo
555 1291 660 1368 graecis
688 1306 738 1346 nec
765 1305 821 1347 non
844 1290 925 1346 etiam
948 1289 1146 1344 arithmeticam

174 1379 252 1434 cuius
274 1386 367 1451 partes
389 1378 505 1452 sumpsit
532 1377 566 1434 de
588 1375 755 1432 nicomacho.
789 1374 864 1432 Fecit
887 1381 914 1430 et
936 1371 1003 1430 alios
1029 1366 1146 1448 [libros]

173 1462 326 1536 perplures.
364 1461 517 1518 Nouissime
537 1470 629 1518 autem
650 1463 702 1516 iam
718 1477 800 1516 senen
823 1457 905 1516 edidit
928 1460 1001 1515 hune
1022 1455 1146 1512 libellum
1225 1530 1227 1535 ,

174 1550 201 1602 in
224 1546 304 1602 exilio
327 1547 432 1620 positus
456 1547 505 1603 hac
527 1547 561 1602 de
589 1561 678 1602 causa.
717 1544 902 1602 Theodericus
924 1559 972 1600 rer
994 1541 1148 1616 gothorum

175 1647 235 1686 curn
258 1647 307 1705 per
330 1630 491 1687 tirannidem
507 1647 566 1688 rem
586 1628 720 1703 publicam
743 1629 889 1686 inuasisset
909 1635 938 1684 et
960 1642 1054 1684 omues
1077 1641 1146 1681 oom-

136 1726 161 1767 ιο
174 1714 248 1772 sales
271 1715 431 1788 nobilesque
446 1730 620 1773 romanorum
635 1713 703 1770 alios
727 1713 871 1771 occidisset
893 1712 961 1770 alios
982 1713 1011 1767 in
1034 1709 1147 1766 exiliunt

175 1801 311 1872 misisset,
340 1801 383 1856 hie
404 1801 457 1856 iam
479 1799 575 1857 consul
598 1797 685 1856 iaetus
712 1807 740 1854 et
769 1797 839 1855 tilios
867 1800 921 1854 iam
949 1795 1075 1853 consules
1105 1793 1147 1849 la-

131 1897 135 1902 '
175 1891 234 1942 ctos
274 1883 375 1941 habens
413 1901 474 1941 cum
513 1884 693 1959 peritissimus
733 1884 863 1958 sapientia
901 1899 931 1938 ac
963 1879 1077 1937 consilio
1111 1877 1145 1934 R.

174 1969 204 2028 P.
228 1970 260 2024 ad
283 1967 434 2026 libertatem
456 1985 585 2027 reuocare
613 1967 730 2025 uolebat.
775 1966 832 2035 Qua
859 1967 892 2023 de
919 1983 949 2022 re
971 1964 1146 2021 insimulatus

175 2053 246 2128 apud
270 2052 454 2111 theodericum
485 2071 577 2129 regem
606 2055 635 2109 in
663 2051 744 2110 exilio
775 2061 818 2110 est
840 2051 978 2125 relegatus
1001 2048 1048 2106 ubi
1070 2049 1147 2105 hune

245 2288 276 2337 10
295 2287 335 2338 est
352 2303 398 2340 om.
421 2288 444 2337 Β
478 2285 652 2338 EXPLICIT
675 2287 748 2336 R-
769 2287 847 2351 paulo
871 2286 947 2334 aliter
963 2281 1147 2334 Vindohooen-

173 2370 228 2407 ses:
263 2354 378 2404 Duobus
400 2357 492 2403 tamen
513 2353 580 2406 filiis
603 2356 663 2405 eius
686 2356 716 2404 in
745 2352 890 2405 consulatu
915 2351 1144 2416 permanentibus

175 2421 221 2472 iub
241 2421 319 2486 regia
336 2419 473 2485 potestate
498 2421 533 2472 ad
557 2423 670 2474 exilium
692 2421 785 2473 misius
808 2421 837 2470 in
855 2420 973 2470 Bobium
997 2419 1144 2470 ciuitatem

173 2505 229 2539 non
246 2489 329 2553 longe
349 2503 366 2538 e
382 2488 515 2538 Rauenna
527 2497 575 2540 ete.
595 2491 764 2555 (subiungitur
781 2503 883 2539 norman
904 2488 968 2536 illud
983 2503 1000 2536 a
1018 2486 1145 2538 Gerberto

174 2557 339 2620 conpositum)
372 2553 409 2604 V²
450 2555 597 2620 potestate.
643 2559 685 2608 Ad
713 2557 825 2608 exilium
853 2557 945 2606 autern
972 2554 1000 2603 in
1026 2554 1146 2604 Bobium

174 2623 267 2675 missua
286 2623 328 2674 est
346 2623 487 2674 ciuitatem
505 2640 559 2676 non
576 2625 658 2691 longe
678 2641 695 2675 a
713 2625 857 2678 Rauenna.
896 2621 929 2672 V¹

242 2693 284 2742 111
302 2691 372 2742 libri:
385 2692 438 2742 AB
446 2701 587 2758 praeterea
601 2693 622 2744 G
634 2693 715 2744 Later.
732 2691 858 2757 Mordent
869 2686 980 2754 codices)
1040 2690 1053 2739 1
1073 2689 1145 2738 Boe·

173 2761 247 2811 thius
266 2761 347 2810 Lour.
366 2760 400 2822 (l)
435 2760 524 2811 mallii
536 2760 588 2811 AB
606 2761 684 2811 malli
703 2761 784 2811 Later.
818 2758 917 2808 manlii
930 2757 972 2808 θ]
1005 2753 1148 2822 torqualss

174 2827 200 2876 B
222 2831 325 2880 inuersa
338 2830 428 2879 ordine
446 2834 466 2879 t.
479 2843 516 2878 m.
529 2829 575 2878 AJ
624 2831 639 2877 2
653 2825 717 2893 fuit]
731 2844 781 2893 pro
793 2843 823 2878 eo
836 2829 923 2876 littera
935 2827 958 2876 R
971 2828 997 2876 io
1012 2825 1090 2876 baur.
1105 2831 1145 2874 est
1200 2852 1202 2857 ·

176 2893 179 2960 Ι
199 2897 254 2945 uiri
273 2898 320 2960 qui
338 2912 354 2945 a
372 2901 468 2960 torque
486 2911 570 2946 aureo
589 2899 733 2960 torquatus
752 2895 904 2946 uocabatur
924 2894 946 2944 G
1014 2895 1030 2944 a
1049 2897 1076 2943 et
1093 2907 1145 2944 om.

173 2961 217 3012 Β]
283 2963 377 3012 aeta
394 2979 440 3014 om.
459 2963 511 3013 AB
580 2962 766 3015 bariltotilil
782 2962 826 3027 (as.
851 2959 1016 3028 l’porphirii)
1036 2962 1061 3011 A
1096 2959 1143 3009 In·

173 3030 311 3081 troduotio
329 3031 397 3095 ripor
417 3029 508 3095 phyrii
520 3030 546 3080 Β
571 3031 790 3082 introductiones
808 3029 981 3096 porphyriid
1049 3029 1065 3077 6
1082 3043 1144 3093 por·

173 3096 256 3162 phirii
275 3097 321 3162 (aa.
344 3097 519 3160 l'aristotilii)
536 3099 563 3164 ‚A
600 3099 750 3150 aristotelis
767 3097 811 3148 Β]
878 3099 894 3148 6
912 3096 1104 3162 perierminias
1116 3097 1142 3146 A

172 3169 187 3216 l
207 3165 278 3230 quod
297 3165 322 3218 d.
340 3166 370 3215 in
388 3165 413 3215 d.
431 3166 570 3217 uolumina
588 3182 635 3218 om.
653 3165 679 3214 B
753 3167 767 3215 'l
794 3165 912 3216 alterum
935 3167 1021 3218 uorrri
1045 3163 1129 3215 anale

173 3234 232 3284 tien
258 3233 301 3296 (=
318 3232 441 3298 uocauit)
461 3233 493 3296 ΒΙ
555 3237 571 3286 8
591 3234 723 3286 resolutar
737 3231 764 3300 ss
783 3235 807 3284 A
822 3232 828 3299 Ι
844 3232 997 3300 appellauit
1018 3249 1065 3284 om.
1089 3231 1116 3280 B

174 3303 244 3350 artis
253 3300 422 3352 rhetorical
462 3301 722 3355 9transtulitom.A
768 3303 800 3352 10
809 3301 896 3368 pitag.
911 3303 936 3352 A
952 3297 957 3368 Ι
973 3301 1123 3352 tolemaod

173 3369 389 3420 anthematiaam
417 3368 443 3417 B
523 3372 552 3421 11
580 3369 665 3422 libros
688 3370 709 3419 J
730 3386 777 3424 om.
805 3368 858 3419 ΑΒ
941 3371 973 3420 12
999 3369 1098 3420 librum
1125 3401 1129 3418 .

175 3438 206 3486 13
228 3436 298 3488 baec
321 3437 345 3486 Α
371 3435 375 3502 l
399 3437 527 3488 TendA
598 3439 629 3488 16
654 3437 773 3489 iaeoiB
844 3438 875 3488 17
892 3435 1051 3492 R.PAr.
1071 3437 1129 3502 p.l

175 3505 206 3554 18
224 3509 304 3556 causa
323 3508 344 3556 Α
363 3521 392 3556 re
411 3504 436 3554 Β
506 3507 537 3557 19
558 3504 596 3556 eit
614 3505 662 3559 rel.
682 3507 705 3556 Α
736 3503 872 3568 religatur
889 3503 915 3552 B
